5150 6367
656 2044 939 2179 Quandoquidem
975 2092 1032 2155 uix
1065 2090 1152 2157 ullus
1188 2092 1266 2174 erit,
1300 2117 1396 2182 quem
1431 2093 1551 2179 fugiat,
1585 2094 1627 2159 ab
1660 2092 1707 2157 eis
1736 2093 1802 2158 Ho-

651 2206 716 2270 rati
738 2202 938 2284 editoribus,
968 2204 1163 2290 quicumque
1186 2204 1295 2270 adhuc
1318 2205 1467 2271 criticum
1490 2214 1688 2292 apparatum
1713 2204 1802 2269 exhi·

651 2317 731 2381 bere
754 2314 994 2381 contenderunt
1002 2363 1010 2397 ,
1038 2314 1209 2380 meliorum
1233 2316 1382 2382 codicum
1404 2317 1515 2380 trarias
1538 2315 1692 2381 lectiones
1716 2315 1803 2379 haud

650 2427 699 2491 ita
727 2448 799 2491 esse
832 2426 1032 2511 descriptas,
1068 2436 1106 2490 ut
1135 2426 1212 2491 inde
1239 2426 1349 2512 colligi
1378 2426 1498 2513 possit,
1536 2449 1619 2512 quae
1648 2425 1802 2491 lectiones

651 2547 787 2623 propter
816 2547 985 2600 erectorum
1008 2534 1106 2600 fidem
1135 2546 1191 2599 aut
1213 2535 1422 2621 recipiendae
1449 2559 1522 2600 esse
1549 2535 1727 2600 uideantur
1747 2545 1806 2599 aut

650 2646 848 2711 reiciendae:
881 2667 920 2707 ea
943 2644 984 2706 (le
1007 2666 1107 2707 eausa
1130 2666 1189 2726 ego
1213 2666 1286 2706 euru
1306 2643 1452 2707 Holdero
1476 2645 1593 2723 amieo,
1617 2643 1805 2706 aFlllDE-

650 2756 757 2821 Rieu
782 2751 1060 2816 ltITSCllELIO
1082 2752 1304 2837 potissimum,
1328 2763 1540 2839 praeceptore
1563 2752 1702 2837 optimo,
1725 2752 1803 2816 inc-i-

651 2866 729 2944 tati,
753 2884 872 2927 nouam
897 2861 1016 2926 llorati
1041 2860 1217 2926 editionem
1240 2885 1356 2927 curare
1378 2863 1472 2949 eique
1493 2861 1644 2928 criticum
1666 2884 1803 2949 appara·

651 2988 721 3041 tum
744 2974 807 3054 eis,
838 2972 891 3058 qui
924 2970 1032 3036 adhuc
1054 2971 1087 3036 in
1111 2973 1215 3037 lucem
1238 2973 1446 3060 prodierunt,
1475 2973 1703 3061 perfectiorem
1731 2973 1800 3038 adi·

651 3109 723 3151 cere
752 3083 846 3149 nobis
875 3084 1116 3169 proposuimus.
1175 3083 1229 3148 Ad
1256 3085 1345 3149 hunc
1377 3084 1480 3169 igitur
1512 3083 1610 3148 linem
1639 3094 1673 3149 ct
1701 3106 1800 3148 manu

651 3198 790 3281 scriptos
814 3192 937 3280 aliquot
966 3192 1066 3258 libros
1090 3194 1308 3276 Horatianos,
1337 3196 1392 3281 qui
1415 3194 1513 3261 hodie
1544 3195 1576 3259 in
1600 3192 1798 3279 Franeogal·

650 3309 755 3370 lorum
784 3316 816 3369 et
844 3303 1060 3369 Heluetorum
1094 3302 1304 3370 bibliothecis
1338 3304 1538 3391 quibusdam
1566 3303 1802 3369 adseruantun

649 3418 712 3503 ipsi
736 3414 931 3480 contulimus
956 3426 988 3479 et
1011 3414 1053 3479 ab
1074 3414 1164 3495 aliis,
1192 3415 1246 3501 qui
1271 3436 1348 3479 suas
1365 3414 1459 3480 nobis
1483 3414 1673 3480 collationes
1690 3415 1801 3479 huma-

651 3528 784 3591 nissime
807 3526 1050 3605 commiserunt,
1073 3547 1272 3611 magnopere
1288 3524 1393 3590 adiuti
1409 3547 1520 3590 sumus
1537 3536 1580 3606 et,
1604 3535 1641 3588 ut
1657 3534 1804 3589 ueterum

651 3660 779 3724 quoque
794 3635 905 3700 Flacci
928 3636 1143 3721 interpretum
1159 3634 1316 3700 lectiones
1341 3635 1422 3699 satis
1439 3636 1609 3715 sciremus,
1632 3647 1801 3720 praestan·

650 3749 793 3812 tissimos
824 3767 936 3810 eorum
965 3746 1094 3810 codices
1123 3768 1221 3832 quam
1255 3745 1401 3809 maxima
1436 3745 1601 3830 potuimus
1631 3744 1803 3828 diligentia

651 3857 894 3942 descripsimus,
920 3856 1069 3942 denique,
1093 3856 1292 3942 ubicumque
1314 3854 1404 3941 apud
1427 3853 1508 3920 alios
1534 3856 1709 3941 scriptores
1732 3855 1798 3919 llo·

649 3969 813 4032 ratianum
836 3965 959 4050 aliquid
983 3966 1231 4052 deprendimus,
1255 3988 1294 4029 ea
1317 3965 1541 4050 congessimus
1565 3975 1617 4040 et,
1642 3964 1798 4051 quicquid

650 4077 828 4143 testimonii
851 4076 923 4139 uice
945 4076 1038 4161 fungi
1054 4098 1149 4163 posse
1165 4076 1419 4157 arbitrabamur,
1443 4074 1487 4139 ad
1508 4074 1640 4140 modum
1656 4072 1797 4158 Vergilii

650 4186 872 4254 Ribbeekiani
895 4187 983 4271 typis
1006 4186 1246 4250 mandauimus.

734 4298 804 4361 Iam
833 4319 912 4360 uero
940 4318 1022 4381 quos
1054 4307 1086 4360 et
1114 4295 1225 4381 quales
1255 4296 1384 4361 codices
1408 4296 1607 4363 Horatianos
1640 4296 1672 4359 in
1701 4295 1797 4358 buius

648 4409 825 4474 uoluminis
854 4429 949 4469 usum
979 4404 1199 4487 adhibuerim,
1229 4407 1342 4492 ptaucis
1375 4406 1428 4471 hic
1456 4430 1632 4492 exponam:
1663 4404 1796 4470 uberius

650 4520 691 4582 de
714 4518 773 4580 hoc
796 4517 902 4601 capite
926 4513 1091 4580 llolderus
1114 4539 1204 4580 meus
1229 4516 1424 4603 disputabit.

671 4663 696 4715 :l
713 4666 759 4716 est
779 4657 875 4715 codex
899 4657 1059 4715 Parisinus
1081 4661 1162 4712 ttttttta
1183 4657 1300 4717 saeculi
1317 4658 1414 4717 VIIII
1447 4655 1630 4734 (secundum
1653 4654 1798 4716 Ottonem

777 4760 928 4829 lalmium,
946 4757 1156 4828 llautlmlium,
1174 4757 1263 4835 alios)
1278 4792 1319 4801 -
1332 4761 1363 4818 X
1376 4760 1446 4819 olim
1461 4760 1649 4828 l'uteancus,
1667 4757 1715 4817 bic
1733 4759 1796 4819 illic

778 4861 961 4939 rescriptue3
980 4860 1081 4921 delicit
1098 4860 1169 4920 iude
1186 4860 1223 4920 ab
1240 4861 1331 4941 epod.
1351 4866 1400 4933 re,
1417 4867 1450 4918 ⁴26
1466 4878 1565 4938 nsque
1581 4859 1620 4918 ad
1643 4860 1733 4940 epod.
1754 4867 1798 4919 17.

777 4969 824 5035 813
850 4964 965 5021 contuli
982 4965 1058 5042 ipse.
1098 4962 1298 5025 Correcturae
1314 4963 1352 5021 ab
1369 4983 1420 5033 eo,
1440 4962 1491 5040 qui
1510 4960 1644 5022 codicem
1660 4964 1796 5043 scripsit

780 5065 938 5142 proiectae
955 5083 985 5125 et
1001 5066 1097 5126 ultera
1112 5086 1219 5127 manus
1236 5065 1388 5144 posterior
1404 5063 1549 5124 facillime
1573 5062 1793 5146 distinguntur,
