<?xml version="1.0" encoding="UTF-8"?>
<!DOCTYPE html PUBLIC "-//W3C//DTD XHTML 1.0 Transitional//EN"
    "http://www.w3.org/TR/xhtml1/DTD/xhtml1-transitional.dtd">
<html xmlns="http://www.w3.org/1999/xhtml" xml:lang="en" lang="en">
 <head>
  <title>
</title>
<meta http-equiv="Content-Type" content="text/html;charset=utf-8" />
  <meta name='ocr-system' content='tesseract 3.04.00' />
  <meta name='ocr-capabilities' content='ocr_page ocr_carea ocr_par ocr_line ocrx_word'/>
</head>
<body>
  <div class='ocr_page' id='page_1' title='image "./qhoratiflacciop00holdgoog_0539.png"; bbox 0 0 5150 6367; ppageno 0'>
   <div class='ocr_carea' id='block_1_1' title="bbox 1184 1044 1849 1089">
    <p class='ocr_par' dir='ltr' id='par_1_1' title="bbox 1184 1044 1849 1089">
     <span class='ocr_line' id='line_1_1' title="bbox 1184 1044 1849 1089; baseline 0.008 -6"><span class='ocrx_word' id='word_1_1' title='bbox 1184 1044 1362 1085; x_wconf 72' lang='lat' dir='ltr'><strong>PRAEFATIO</strong></span> <span class='ocrx_word' id='word_1_2' title='bbox 1809 1049 1849 1089; x_wconf 71' lang='lat' dir='ltr'><strong>XV</strong></span> 
     </span>
    </p>
   </div>
   <div class='ocr_carea' id='block_1_2' title="bbox 697 1210 1852 1796">
    <p class='ocr_par' dir='ltr' id='par_1_2' title="bbox 697 1210 1852 1796">
     <span class='ocr_line' id='line_1_2' title="bbox 697 1210 1852 1289; baseline 0.002 -18"><span class='ocrx_word' id='word_1_3' title='bbox 697 1233 731 1286; x_wconf 77' lang='grc' dir='ltr'><strong>ν,</strong></span> <span class='ocrx_word' id='word_1_4' title='bbox 761 1212 899 1271; x_wconf 88' lang='lat' dir='ltr'><strong>eiusdem</strong></span> <span class='ocrx_word' id='word_1_5' title='bbox 927 1212 1050 1289; x_wconf 83' lang='lat' dir='ltr'><strong>generis</strong></span> <span class='ocrx_word' id='word_1_6' title='bbox 1078 1230 1154 1288; x_wconf 89' lang='lat' dir='ltr'><strong>quas</strong></span> <span class='ocrx_word' id='word_1_7' title='bbox 1182 1210 1222 1269; x_wconf 90' lang='lat' dir='ltr'><strong>ad</strong></span> <span class='ocrx_word' id='word_1_8' title='bbox 1252 1211 1354 1270; x_wconf 93' lang='lat' dir='ltr'><strong>uol.I</strong></span> <span class='ocrx_word' id='word_1_9' title='bbox 1383 1212 1567 1289; x_wconf 78' lang='lat' dir='ltr'>praebuerat</span> <span class='ocrx_word' id='word_1_10' title='bbox 1595 1213 1694 1273; x_wconf 81' lang='lat' dir='ltr'><strong>codex</strong></span> <span class='ocrx_word' id='word_1_11' title='bbox 1716 1218 1753 1287; x_wconf 84' lang='lat' dir='ltr'><strong>A,</strong></span> <span class='ocrx_word' id='word_1_12' title='bbox 1784 1234 1852 1273; x_wconf 87' lang='lat' dir='ltr'><strong>eum</strong></span> 
     </span>
     <span class='ocr_line' id='line_1_3' title="bbox 698 1312 1851 1393; baseline 0.002 -21"><span class='ocrx_word' id='word_1_13' title='bbox 698 1315 861 1391; x_wconf 84' lang='lat' dir='ltr'><strong>lemmatis;</strong></span> <span class='ocrx_word' id='word_1_14' title='bbox 896 1318 950 1371; x_wconf 80' lang='lat' dir='ltr'><strong>Ac.</strong></span> <span class='ocrx_word' id='word_1_15' title='bbox 985 1339 1026 1360; x_wconf 98' lang='lat'><strong><em>=</em></strong></span> <span class='ocrx_word' id='word_1_16' title='bbox 1058 1312 1214 1383; x_wconf 89' lang='lat' dir='ltr'><strong>lemmata,</strong></span> <span class='ocrx_word' id='word_1_17' title='bbox 1249 1317 1320 1370; x_wconf 74' lang='lat' dir='ltr'><strong>Aer.</strong></span> <span class='ocrx_word' id='word_1_18' title='bbox 1351 1339 1393 1359; x_wconf 96' lang='lat'>=</span> <span class='ocrx_word' id='word_1_19' title='bbox 1432 1316 1713 1393; x_wconf 73' lang='lat' dir='ltr'><strong>interpretationes.</strong></span> <span class='ocrx_word' id='word_1_20' title='bbox 1773 1315 1851 1376; x_wconf 88' lang='lat' dir='ltr'><strong>haec</strong></span> 
     </span>
     <span class='ocr_line' id='line_1_4' title="bbox 698 1413 1849 1493; baseline 0.003 -21"><span class='ocrx_word' id='word_1_21' title='bbox 698 1414 816 1473; x_wconf 87' lang='lat' dir='ltr'><strong>scholia</strong></span> <span class='ocrx_word' id='word_1_22' title='bbox 838 1415 899 1473; x_wconf 91' lang='lat' dir='ltr'><strong>nisi</strong></span> <span class='ocrx_word' id='word_1_23' title='bbox 921 1414 953 1472; x_wconf 91' lang='lat' dir='ltr'><strong>in</strong></span> <span class='ocrx_word' id='word_1_24' title='bbox 976 1413 1167 1473; x_wconf 82' lang='lat' dir='ltr'><strong>sermonibus</strong></span> <span class='ocrx_word' id='word_1_25' title='bbox 1192 1423 1223 1472; x_wconf 80' lang='lat' dir='ltr'><strong>et</strong></span> <span class='ocrx_word' id='word_1_26' title='bbox 1245 1422 1310 1473; x_wconf 87' lang='lat' dir='ltr'><strong>arte</strong></span> <span class='ocrx_word' id='word_1_27' title='bbox 1327 1416 1462 1491; x_wconf 90' lang='lat' dir='ltr'><strong>poetica,</strong></span> <span class='ocrx_word' id='word_1_28' title='bbox 1488 1417 1623 1493; x_wconf 86' lang='lat' dir='ltr'><strong>exceptis</strong></span> <span class='ocrx_word' id='word_1_29' title='bbox 1640 1417 1684 1475; x_wconf 91' lang='lat' dir='ltr'><strong>eis</strong></span> <span class='ocrx_word' id='word_1_30' title='bbox 1705 1417 1780 1476; x_wconf 91' lang='lat' dir='ltr'><strong>locis</strong></span> <span class='ocrx_word' id='word_1_31' title='bbox 1796 1417 1849 1476; x_wconf 91' lang='lat' dir='ltr'><strong>ubi</strong></span> 
     </span>
     <span class='ocr_line' id='line_1_5' title="bbox 698 1515 1847 1594; baseline 0.002 -20"><span class='ocrx_word' id='word_1_32' title='bbox 698 1515 777 1575; x_wconf 82' lang='lat' dir='ltr'><strong>forte</strong></span> <span class='ocrx_word' id='word_1_33' title='bbox 800 1515 902 1575; x_wconf 84' lang='lat' dir='ltr'><strong>deficit</strong></span> <span class='ocrx_word' id='word_1_34' title='bbox 924 1536 956 1587; x_wconf 81' lang='grc' dir='ltr'><strong>ν,</strong></span> <span class='ocrx_word' id='word_1_35' title='bbox 989 1525 1072 1574; x_wconf 86' lang='lat' dir='ltr'><strong>certo</strong></span> <span class='ocrx_word' id='word_1_36' title='bbox 1101 1515 1167 1574; x_wconf 90' lang='lat' dir='ltr'><strong>erui</strong></span> <span class='ocrx_word' id='word_1_37' title='bbox 1197 1536 1259 1573; x_wconf 88' lang='lat' dir='ltr'><strong>non</strong></span> <span class='ocrx_word' id='word_1_38' title='bbox 1283 1523 1442 1594; x_wconf 86' lang='lat' dir='ltr'><strong>poterant,</strong></span> <span class='ocrx_word' id='word_1_39' title='bbox 1473 1517 1556 1594; x_wconf 90' lang='lat' dir='ltr'><strong>quod</strong></span> <span class='ocrx_word' id='word_1_40' title='bbox 1582 1537 1657 1577; x_wconf 91' lang='lat' dir='ltr'><strong>sane</strong></span> <span class='ocrx_word' id='word_1_41' title='bbox 1681 1517 1847 1577; x_wconf 88' lang='lat' dir='ltr'><strong>dolendum</strong></span> 
     </span>
     <span class='ocr_line' id='line_1_6' title="bbox 698 1616 1846 1697; baseline 0.002 -22"><span class='ocrx_word' id='word_1_42' title='bbox 698 1626 759 1690; x_wconf 88' lang='lat' dir='ltr'><strong>est,</strong></span> <span class='ocrx_word' id='word_1_43' title='bbox 787 1618 861 1697; x_wconf 91' lang='lat' dir='ltr'><strong>quia</strong></span> <span class='ocrx_word' id='word_1_44' title='bbox 888 1617 921 1675; x_wconf 92' lang='lat' dir='ltr'><strong>in</strong></span> <span class='ocrx_word' id='word_1_45' title='bbox 944 1616 1191 1675; x_wconf 82' lang='lat' dir='ltr'><strong>Acronianorum</strong></span> <span class='ocrx_word' id='word_1_46' title='bbox 1218 1636 1298 1694; x_wconf 88' lang='lat' dir='ltr'><strong>quae</strong></span> <span class='ocrx_word' id='word_1_47' title='bbox 1322 1616 1463 1675; x_wconf 90' lang='lat' dir='ltr'><strong>dicuntur</strong></span> <span class='ocrx_word' id='word_1_48' title='bbox 1494 1637 1619 1677; x_wconf 89' lang='lat' dir='ltr'><strong>numero</strong></span> <span class='ocrx_word' id='word_1_49' title='bbox 1643 1627 1673 1678; x_wconf 88' lang='lat' dir='ltr'><strong>et</strong></span> <span class='ocrx_word' id='word_1_50' title='bbox 1695 1620 1846 1679; x_wconf 82' lang='lat' dir='ltr'><strong>maximae</strong></span> 
     </span>
     <span class='ocr_line' id='line_1_7' title="bbox 700 1718 1211 1796; baseline -0.006 -20"><span class='ocrx_word' id='word_1_51' title='bbox 700 1719 810 1777; x_wconf 86' lang='lat' dir='ltr'><strong>aetatis</strong></span> <span class='ocrx_word' id='word_1_52' title='bbox 833 1726 864 1777; x_wconf 86' lang='lat' dir='ltr'><strong>et</strong></span> <span class='ocrx_word' id='word_1_53' title='bbox 885 1718 1008 1781; x_wconf 85' lang='lat' dir='ltr'><strong>maximi</strong></span> <span class='ocrx_word' id='word_1_54' title='bbox 1030 1718 1109 1796; x_wconf 89' lang='lat' dir='ltr'><strong>preti</strong></span> <span class='ocrx_word' id='word_1_55' title='bbox 1131 1727 1211 1776; x_wconf 90' lang='lat' dir='ltr'><strong>sunt.</strong></span> 
     </span>
    </p>
   </div>
   <div class='ocr_carea' id='block_1_3' title="bbox 697 1844 1980 2761">
    <p class='ocr_par' dir='ltr' id='par_1_3' title="bbox 697 1844 1980 2533">
     <span class='ocr_line' id='line_1_8' title="bbox 784 1844 1980 1923; baseline 0 -20"><span class='ocrx_word' id='word_1_56' title='bbox 784 1844 918 1923; x_wconf 77' lang='lat' dir='ltr'>Reliqua</span> <span class='ocrx_word' id='word_1_57' title='bbox 939 1844 1057 1903; x_wconf 86' lang='lat' dir='ltr'><strong>scholia</strong></span> <span class='ocrx_word' id='word_1_58' title='bbox 1078 1845 1262 1923; x_wconf 79' lang='lat' dir='ltr'><strong>marginalia</strong></span> <span class='ocrx_word' id='word_1_59' title='bbox 1285 1845 1571 1923; x_wconf 74' lang='lat' dir='ltr'><strong>comprehendimus</strong></span> <span class='ocrx_word' id='word_1_60' title='bbox 1594 1846 1683 1905; x_wconf 90' lang='lat' dir='ltr'><strong>titulo</strong></span> <span class='ocrx_word' id='word_1_61' title='bbox 1704 1850 1794 1906; x_wconf 80' lang='lat' dir='ltr'><strong>schel.</strong></span> <span class='ocrx_word' id='word_1_62' title='bbox 1812 1847 1846 1920; x_wconf 84' lang='grc' dir='ltr'><strong>Γ,</strong></span> <span class='ocrx_word' id='word_1_63' title='bbox 1874 1854 1940 1895; x_wconf 71' lang='lat' dir='ltr'><strong>senor.</strong></span> <span class='ocrx_word' id='word_1_64' title='bbox 1957 1853 1980 1895; x_wconf 83' lang='grc' dir='ltr'><em>Γ</em></span> 
     </span>
     <span class='ocr_line' id='line_1_9' title="bbox 700 1945 1849 2024; baseline 0.002 -19"><span class='ocrx_word' id='word_1_65' title='bbox 700 1966 769 2007; x_wconf 85' lang='lat' dir='ltr'><strong>cum</strong></span> <span class='ocrx_word' id='word_1_66' title='bbox 790 1966 853 2005; x_wconf 91' lang='lat' dir='ltr'><strong>non</strong></span> <span class='ocrx_word' id='word_1_67' title='bbox 876 1946 1014 2005; x_wconf 89' lang='lat' dir='ltr'><strong>solitaria</strong></span> <span class='ocrx_word' id='word_1_68' title='bbox 1038 1945 1069 2004; x_wconf 91' lang='lat' dir='ltr'><strong>in</strong></span> <span class='ocrx_word' id='word_1_69' title='bbox 1092 1946 1222 2024; x_wconf 80' lang='lat' dir='ltr'><strong>singulis</strong></span> <span class='ocrx_word' id='word_1_70' title='bbox 1238 1955 1356 2005; x_wconf 91' lang='lat' dir='ltr'><strong>tantum</strong></span> <span class='ocrx_word' id='word_1_71' title='bbox 1381 1948 1589 2024; x_wconf 79' lang='lat' dir='ltr'><strong>reperirentur</strong></span> <span class='ocrx_word' id='word_1_72' title='bbox 1604 1948 1769 2020; x_wconf 81' lang='lat' dir='ltr'><strong>codicibus,</strong></span> <span class='ocrx_word' id='word_1_73' title='bbox 1792 1949 1849 2008; x_wconf 86' lang='lat' dir='ltr'><strong>sed</strong></span> 
     </span>
     <span class='ocr_line' id='line_1_10' title="bbox 702 2046 1847 2126; baseline 0.003 -20"><span class='ocrx_word' id='word_1_74' title='bbox 702 2046 910 2126; x_wconf 87' lang='lat' dir='ltr'><strong>compluribus</strong></span> <span class='ocrx_word' id='word_1_75' title='bbox 931 2046 1032 2121; x_wconf 89' lang='lat' dir='ltr'><strong>libris,</strong></span> <span class='ocrx_word' id='word_1_76' title='bbox 1057 2067 1125 2105; x_wconf 92' lang='lat' dir='ltr'><strong>cum</strong></span> <span class='ocrx_word' id='word_1_77' title='bbox 1147 2047 1215 2106; x_wconf 90' lang='lat' dir='ltr'><strong>aliis</strong></span> <span class='ocrx_word' id='word_1_78' title='bbox 1238 2056 1302 2106; x_wconf 89' lang='lat' dir='ltr'><strong>tum</strong></span> <span class='ocrx_word' id='word_1_79' title='bbox 1324 2070 1355 2125; x_wconf 79' lang='lat' dir='ltr'><strong>y,</strong></span> <span class='ocrx_word' id='word_1_80' title='bbox 1381 2059 1588 2125; x_wconf 83' lang='lat' dir='ltr'><strong>congruenter</strong></span> <span class='ocrx_word' id='word_1_81' title='bbox 1604 2051 1847 2109; x_wconf 86' lang='lat' dir='ltr'><strong>continerentur.</strong></span> 
     </span>
     <span class='ocr_line' id='line_1_11' title="bbox 698 2148 1847 2227; baseline 0.004 -21"><span class='ocrx_word' id='word_1_82' title='bbox 698 2148 776 2208; x_wconf 81' lang='lat' dir='ltr'><strong>haec</strong></span> <span class='ocrx_word' id='word_1_83' title='bbox 802 2148 932 2221; x_wconf 89' lang='lat' dir='ltr'><strong>scholia,</strong></span> <span class='ocrx_word' id='word_1_84' title='bbox 965 2149 998 2206; x_wconf 89' lang='lat' dir='ltr'><strong>in</strong></span> <span class='ocrx_word' id='word_1_85' title='bbox 1026 2149 1166 2227; x_wconf 89' lang='lat' dir='ltr'><strong>epistulis</strong></span> <span class='ocrx_word' id='word_1_86' title='bbox 1195 2150 1401 2226; x_wconf 85' lang='lat' dir='ltr'><strong>potissimum,</strong></span> <span class='ocrx_word' id='word_1_87' title='bbox 1435 2149 1488 2208; x_wconf 91' lang='lat' dir='ltr'><strong>ubi</strong></span> <span class='ocrx_word' id='word_1_88' title='bbox 1517 2151 1619 2209; x_wconf 85' lang='lat' dir='ltr'><strong>delicit</strong></span> <span class='ocrx_word' id='word_1_89' title='bbox 1647 2155 1733 2224; x_wconf 70' lang='lat' dir='ltr'><strong>Aca,</strong></span> <span class='ocrx_word' id='word_1_90' title='bbox 1763 2152 1847 2211; x_wconf 89' lang='lat' dir='ltr'><strong>haud</strong></span> 
     </span>
     <span class='ocr_line' id='line_1_12' title="bbox 697 2229 1847 2330; baseline 0.001 -22"><span class='ocrx_word' id='word_1_91' title='bbox 697 2251 875 2329; x_wconf 85' lang='lat' dir='ltr'><strong>spernenda</strong></span> <span class='ocrx_word' id='word_1_92' title='bbox 903 2271 966 2310; x_wconf 92' lang='lat' dir='ltr'><strong>non</strong></span> <span class='ocrx_word' id='word_1_93' title='bbox 993 2251 1061 2309; x_wconf 89' lang='lat' dir='ltr'><strong>siue</strong></span> <span class='ocrx_word' id='word_1_94' title='bbox 1082 2250 1178 2309; x_wconf 91' lang='lat' dir='ltr'><strong>multo</strong></span> <span class='ocrx_word' id='word_1_95' title='bbox 1202 2249 1306 2309; x_wconf 93' lang='lat' dir='ltr'><strong>labore</strong></span> <span class='ocrx_word' id='word_1_96' title='bbox 1330 2252 1535 2330; x_wconf 87' lang='lat' dir='ltr'><strong>excerpsimus</strong></span> <span class='ocrx_word' id='word_1_97' title='bbox 1560 2271 1576 2309; x_wconf 92' lang='lat' dir='ltr'><strong>e</strong></span> <span class='ocrx_word' id='word_1_98' title='bbox 1599 2246 1754 2312; x_wconf 75' lang='lat' dir='ltr'><strong>&#39;codicibus</strong></span> <span class='ocrx_word' id='word_1_99' title='bbox 1782 2229 1847 2330; x_wconf 67' lang='lat' dir='ltr'><strong>pEr</strong></span> 
     </span>
     <span class='ocr_line' id='line_1_13' title="bbox 699 2348 1848 2431; baseline 0.002 -20"><span class='ocrx_word' id='word_1_100' title='bbox 699 2350 920 2431; x_wconf 86' lang='lat' dir='ltr'><strong>Bambergensi</strong></span> <span class='ocrx_word' id='word_1_101' title='bbox 946 2352 1171 2411; x_wconf 85' lang='lat' dir='ltr'><strong>Barcinonensi</strong></span> <span class='ocrx_word' id='word_1_102' title='bbox 1195 2348 1254 2427; x_wconf 84' lang='lat' dir='ltr'><strong>(o&#39;)</strong></span> <span class='ocrx_word' id='word_1_103' title='bbox 1283 2352 1520 2424; x_wconf 85' lang='lat' dir='ltr'><strong>Franehersno,</strong></span> <span class='ocrx_word' id='word_1_104' title='bbox 1549 2354 1660 2431; x_wconf 86' lang='lat' dir='ltr'><strong>partim</strong></span> <span class='ocrx_word' id='word_1_105' title='bbox 1689 2355 1781 2413; x_wconf 88' lang='lat' dir='ltr'><strong>etiam</strong></span> <span class='ocrx_word' id='word_1_106' title='bbox 1809 2374 1848 2413; x_wconf 87' lang='lat' dir='ltr'><strong>ex</strong></span> 
     </span>
     <span class='ocr_line' id='line_1_14' title="bbox 699 2453 1056 2533; baseline 0.003 -22"><span class='ocrx_word' id='word_1_107' title='bbox 699 2453 891 2513; x_wconf 85' lang='lat' dir='ltr'><strong>Einsidlensi</strong></span> <span class='ocrx_word' id='word_1_108' title='bbox 914 2453 1056 2533; x_wconf 86' lang='lat' dir='ltr'><strong>aliisque.</strong></span> 
     </span>
    </p>

    <p class='ocr_par' dir='ltr' id='par_1_4' title="bbox 701 2580 1976 2761">
     <span class='ocr_line' id='line_1_15' title="bbox 783 2580 1976 2659; baseline 0.002 -20"><span class='ocrx_word' id='word_1_109' title='bbox 783 2586 869 2656; x_wconf 75' lang='lat' dir='ltr'><strong>plora</strong></span> <span class='ocrx_word' id='word_1_110' title='bbox 898 2581 928 2637; x_wconf 89' lang='grc' dir='ltr'><strong><em>Γ</em></strong></span> <span class='ocrx_word' id='word_1_111' title='bbox 951 2581 1190 2658; x_wconf 84' lang='lat' dir='ltr'><strong>significauimus</strong></span> <span class='ocrx_word' id='word_1_112' title='bbox 1220 2601 1256 2640; x_wconf 94' lang='lat' dir='ltr'><strong>ea</strong></span> <span class='ocrx_word' id='word_1_113' title='bbox 1282 2581 1398 2639; x_wconf 90' lang='lat' dir='ltr'><strong>scholia</strong></span> <span class='ocrx_word' id='word_1_114' title='bbox 1427 2580 1640 2641; x_wconf 82' lang='lat' dir='ltr'><strong>interlinearis</strong></span> <span class='ocrx_word' id='word_1_115' title='bbox 1666 2599 1746 2659; x_wconf 90' lang='lat' dir='ltr'><strong>quae</strong></span> <span class='ocrx_word' id='word_1_116' title='bbox 1780 2604 1842 2641; x_wconf 91' lang='lat' dir='ltr'><strong>non</strong></span> <span class='ocrx_word' id='word_1_117' title='bbox 1868 2589 1976 2641; x_wconf 56' lang='grc' dir='ltr'><strong>ΜΓ</strong></span> 
     </span>
     <span class='ocr_line' id='line_1_16' title="bbox 701 2681 1847 2761; baseline 0.002 -21"><span class='ocrx_word' id='word_1_118' title='bbox 701 2690 820 2741; x_wconf 88' lang='lat' dir='ltr'><strong>tautum</strong></span> <span class='ocrx_word' id='word_1_119' title='bbox 842 2684 875 2740; x_wconf 90' lang='lat' dir='ltr'><strong>in</strong></span> <span class='ocrx_word' id='word_1_120' title='bbox 898 2682 1004 2741; x_wconf 88' lang='lat' dir='ltr'><strong>codice</strong></span> <span class='ocrx_word' id='word_1_121' title='bbox 1025 2703 1058 2759; x_wconf 80' lang='lat' dir='ltr'><strong>y,</strong></span> <span class='ocrx_word' id='word_1_122' title='bbox 1087 2682 1142 2741; x_wconf 90' lang='lat' dir='ltr'><strong>sed</strong></span> <span class='ocrx_word' id='word_1_123' title='bbox 1172 2683 1262 2741; x_wconf 91' lang='lat' dir='ltr'><strong>etiam</strong></span> <span class='ocrx_word' id='word_1_124' title='bbox 1292 2683 1323 2739; x_wconf 91' lang='lat' dir='ltr'><strong>in</strong></span> <span class='ocrx_word' id='word_1_125' title='bbox 1354 2683 1422 2741; x_wconf 88' lang='lat' dir='ltr'><strong>aliis</strong></span> <span class='ocrx_word' id='word_1_126' title='bbox 1445 2691 1480 2741; x_wconf 90' lang='lat' dir='ltr'><strong>nt</strong></span> <span class='ocrx_word' id='word_1_127' title='bbox 1501 2684 1532 2741; x_wconf 91' lang='lat' dir='ltr'><strong>in</strong></span> <span class='ocrx_word' id='word_1_128' title='bbox 1558 2681 1603 2739; x_wconf 82' lang='lat' dir='ltr'><strong>Eo</strong></span> <span class='ocrx_word' id='word_1_129' title='bbox 1626 2682 1847 2761; x_wconf 81' lang='lat' dir='ltr'><strong>Bamber&#39;gensi</strong></span> 
     </span>
    </p>
   </div>
   <div class='ocr_carea' id='block_1_4' title="bbox 698 2778 1844 2963">
    <p class='ocr_par' dir='ltr' id='par_1_5' title="bbox 698 2778 1844 2963">
     <span class='ocr_line' id='line_1_17' title="bbox 698 2778 1844 2864; baseline 0.001 -22"><span class='ocrx_word' id='word_1_130' title='bbox 698 2784 925 2844; x_wconf 85' lang='lat' dir='ltr'><strong>Barcinonensi</strong></span> <span class='ocrx_word' id='word_1_131' title='bbox 948 2778 1009 2861; x_wconf 81' lang='grc' dir='ltr'><strong>(α’)</strong></span> <span class='ocrx_word' id='word_1_132' title='bbox 1035 2793 1141 2843; x_wconf 87' lang='lat' dir='ltr'><strong>extant</strong></span> <span class='ocrx_word' id='word_1_133' title='bbox 1165 2792 1195 2842; x_wconf 90' lang='lat' dir='ltr'><strong>et</strong></span> <span class='ocrx_word' id='word_1_134' title='bbox 1219 2803 1235 2842; x_wconf 88' lang='lat' dir='ltr'><strong>e</strong></span> <span class='ocrx_word' id='word_1_135' title='bbox 1259 2785 1411 2842; x_wconf 89' lang='lat' dir='ltr'><strong>communi</strong></span> <span class='ocrx_word' id='word_1_136' title='bbox 1435 2793 1618 2862; x_wconf 88' lang='lat' dir='ltr'><strong>uetustoque</strong></span> <span class='ocrx_word' id='word_1_137' title='bbox 1641 2784 1727 2843; x_wconf 85' lang='lat' dir='ltr'><strong>sonte</strong></span> <span class='ocrx_word' id='word_1_138' title='bbox 1750 2805 1844 2864; x_wconf 88' lang='lat' dir='ltr'><strong>quon·</strong></span> 
     </span>
     <span class='ocr_line' id='line_1_18' title="bbox 702 2884 1183 2963; baseline -0.002 -19"><span class='ocrx_word' id='word_1_139' title='bbox 702 2885 772 2944; x_wconf 84' lang='lat' dir='ltr'><strong>dam</strong></span> <span class='ocrx_word' id='word_1_140' title='bbox 793 2886 917 2945; x_wconf 85' lang='lat' dir='ltr'><strong>fluxisse</strong></span> <span class='ocrx_word' id='word_1_141' title='bbox 939 2884 1080 2963; x_wconf 89' lang='lat' dir='ltr'><strong>putanda</strong></span> <span class='ocrx_word' id='word_1_142' title='bbox 1102 2894 1183 2944; x_wconf 88' lang='lat' dir='ltr'><strong>sunt.</strong></span> 
     </span>
    </p>
   </div>
   <div class='ocr_carea' id='block_1_5' title="bbox 783 3003 1974 3096">
    <p class='ocr_par' dir='ltr' id='par_1_6' title="bbox 783 3003 1974 3096">
     <span class='ocr_line' id='line_1_19' title="bbox 783 3003 1974 3096; baseline -0.002 -33"><span class='ocrx_word' id='word_1_143' title='bbox 783 3013 947 3064; x_wconf 84' lang='lat' dir='ltr'><strong>tractatum</strong></span> <span class='ocrx_word' id='word_1_144' title='bbox 974 3003 1249 3063; x_wconf 81' lang='lat' dir='ltr'><strong>vindobonensem</strong></span> <span class='ocrx_word' id='word_1_145' title='bbox 1278 3003 1316 3062; x_wconf 91' lang='lat' dir='ltr'><strong>de</strong></span> <span class='ocrx_word' id='word_1_146' title='bbox 1345 3012 1411 3062; x_wconf 88' lang='lat' dir='ltr'><strong>arte</strong></span> <span class='ocrx_word' id='word_1_147' title='bbox 1440 3006 1574 3083; x_wconf 89' lang='lat' dir='ltr'><strong>poetica,</strong></span> <span class='ocrx_word' id='word_1_148' title='bbox 1610 3005 1764 3080; x_wconf 79' lang='lat' dir='ltr'><strong>signatum</strong></span> <span class='ocrx_word' id='word_1_149' title='bbox 1798 3026 1843 3066; x_wconf 92' lang='lat' dir='ltr'><strong>nr.</strong></span> <span class='ocrx_word' id='word_1_150' title='bbox 1872 3010 1974 3096; x_wconf 44' lang='lat' dir='ltr'><strong>Qfflr·</strong></span> 
     </span>
    </p>
   </div>
   <div class='ocr_carea' id='block_1_6' title="bbox 701 3103 1976 3186">
    <p class='ocr_par' dir='ltr' id='par_1_7' title="bbox 701 3103 1976 3186">
     <span class='ocr_line' id='line_1_20' title="bbox 701 3103 1976 3186; baseline -0.004 -19"><span class='ocrx_word' id='word_1_151' title='bbox 701 3103 823 3178; x_wconf 75' lang='lat' dir='ltr'><strong>CXLV,</strong></span> <span class='ocrx_word' id='word_1_152' title='bbox 852 3107 968 3165; x_wconf 85' lang='lat' dir='ltr'><strong>saeculi</strong></span> <span class='ocrx_word' id='word_1_153' title='bbox 994 3107 1040 3179; x_wconf 91' lang='lat' dir='ltr'><strong>X,</strong></span> <span class='ocrx_word' id='word_1_154' title='bbox 1076 3106 1280 3165; x_wconf 89' lang='lat' dir='ltr'><strong>Hartelius</strong></span> <span class='ocrx_word' id='word_1_155' title='bbox 1315 3107 1527 3178; x_wconf 89' lang='lat' dir='ltr'><strong>amicissimus,</strong></span> <span class='ocrx_word' id='word_1_156' title='bbox 1562 3109 1701 3185; x_wconf 86' lang='lat' dir='ltr'><strong>quamuis</strong></span> <span class='ocrx_word' id='word_1_157' title='bbox 1734 3127 1847 3186; x_wconf 84' lang='lat' dir='ltr'><strong>magua</strong></span> <span class='ocrx_word' id='word_1_158' title='bbox 1874 3107 1976 3146; x_wconf 56' lang='lat' dir='ltr'><strong>&#39;burel‘</strong></span> 
     </span>
    </p>
   </div>
   <div class='ocr_carea' id='block_1_7' title="bbox 698 3207 1848 3489">
    <p class='ocr_par' dir='ltr' id='par_1_8' title="bbox 698 3207 1848 3489">
     <span class='ocr_line' id='line_1_21' title="bbox 698 3207 1847 3287; baseline 0.004 -23"><span class='ocrx_word' id='word_1_159' title='bbox 698 3226 795 3285; x_wconf 85' lang='lat' dir='ltr'><strong>opera</strong></span> <span class='ocrx_word' id='word_1_160' title='bbox 815 3207 910 3267; x_wconf 83' lang='lat' dir='ltr'><strong>fuerit</strong></span> <span class='ocrx_word' id='word_1_161' title='bbox 931 3208 1148 3287; x_wconf 88' lang='lat' dir='ltr'><strong>inpendenda,</strong></span> <span class='ocrx_word' id='word_1_162' title='bbox 1178 3216 1280 3266; x_wconf 88' lang='lat' dir='ltr'><strong>tamen</strong></span> <span class='ocrx_word' id='word_1_163' title='bbox 1305 3208 1483 3285; x_wconf 80' lang='lat' dir='ltr'><strong>rogantibus</strong></span> <span class='ocrx_word' id='word_1_164' title='bbox 1507 3208 1596 3267; x_wconf 87' lang='lat' dir='ltr'><strong>nobis</strong></span> <span class='ocrx_word' id='word_1_165' title='bbox 1620 3208 1793 3268; x_wconf 86' lang='lat' dir='ltr'><strong>describere</strong></span> <span class='ocrx_word' id='word_1_166' title='bbox 1816 3218 1847 3269; x_wconf 90' lang='lat' dir='ltr'><strong>ct</strong></span> 
     </span>
     <span class='ocr_line' id='line_1_22' title="bbox 701 3309 1848 3389; baseline 0.003 -23"><span class='ocrx_word' id='word_1_167' title='bbox 701 3309 927 3370; x_wconf 86' lang='lat' dir='ltr'><strong>accuratissime</strong></span> <span class='ocrx_word' id='word_1_168' title='bbox 956 3310 1097 3370; x_wconf 86' lang='lat' dir='ltr'><strong>renidere</strong></span> <span class='ocrx_word' id='word_1_169' title='bbox 1132 3329 1195 3368; x_wconf 91' lang='lat' dir='ltr'><strong>non</strong></span> <span class='ocrx_word' id='word_1_170' title='bbox 1226 3311 1391 3368; x_wconf 90' lang='lat' dir='ltr'><strong>recusauit.</strong></span> <span class='ocrx_word' id='word_1_171' title='bbox 1440 3318 1486 3369; x_wconf 87' lang='lat' dir='ltr'><strong>est</strong></span> <span class='ocrx_word' id='word_1_172' title='bbox 1519 3319 1620 3369; x_wconf 87' lang='lat' dir='ltr'><strong>autem</strong></span> <span class='ocrx_word' id='word_1_173' title='bbox 1652 3310 1848 3389; x_wconf 87' lang='lat' dir='ltr'><strong>paraphrasis</strong></span> 
     </span>
     <span class='ocr_line' id='line_1_23' title="bbox 698 3410 1693 3489; baseline 0.005 -22"><span class='ocrx_word' id='word_1_174' title='bbox 698 3428 791 3488; x_wconf 88' lang='lat' dir='ltr'><strong>quam</strong></span> <span class='ocrx_word' id='word_1_175' title='bbox 814 3410 921 3470; x_wconf 88' lang='lat' dir='ltr'><strong>dieunt</strong></span> <span class='ocrx_word' id='word_1_176' title='bbox 943 3412 1064 3470; x_wconf 92' lang='lat' dir='ltr'><strong>illorum</strong></span> <span class='ocrx_word' id='word_1_177' title='bbox 1086 3411 1287 3482; x_wconf 88' lang='lat' dir='ltr'><strong>scholiorum,</strong></span> <span class='ocrx_word' id='word_1_178' title='bbox 1313 3431 1393 3489; x_wconf 88' lang='lat' dir='ltr'><strong>quae</strong></span> <span class='ocrx_word' id='word_1_179' title='bbox 1417 3414 1486 3471; x_wconf 81' lang='lat' dir='ltr'><strong>Aer.</strong></span> <span class='ocrx_word' id='word_1_180' title='bbox 1511 3412 1693 3472; x_wconf 89' lang='lat' dir='ltr'><strong>notauimus.</strong></span> 
     </span>
    </p>
   </div>
   <div class='ocr_carea' id='block_1_8' title="bbox 699 3529 1999 3812">
    <p class='ocr_par' dir='ltr' id='par_1_9' title="bbox 699 3529 1999 3812">
     <span class='ocr_line' id='line_1_24' title="bbox 788 3529 1999 3609; baseline 0.003 -22"><span class='ocrx_word' id='word_1_181' title='bbox 788 3529 923 3609; x_wconf 90' lang='lat' dir='ltr'><strong>deniquo</strong></span> <span class='ocrx_word' id='word_1_182' title='bbox 954 3529 1160 3609; x_wconf 85' lang='lat' dir='ltr'><strong>compluribus</strong></span> <span class='ocrx_word' id='word_1_183' title='bbox 1187 3529 1262 3587; x_wconf 91' lang='lat' dir='ltr'><strong>locis</strong></span> <span class='ocrx_word' id='word_1_184' title='bbox 1290 3549 1462 3588; x_wconf 88' lang='lat' dir='ltr'><strong>sermonum</strong></span> <span class='ocrx_word' id='word_1_185' title='bbox 1491 3530 1608 3589; x_wconf 91' lang='lat' dir='ltr'><strong>scholia</strong></span> <span class='ocrx_word' id='word_1_186' title='bbox 1635 3532 1847 3591; x_wconf 82' lang='lat' dir='ltr'><strong>interlinearis</strong></span> <span class='ocrx_word' id='word_1_187' title='bbox 1860 3548 1928 3602; x_wconf 69' lang='lat' dir='ltr'><strong>gloss.</strong></span> <span class='ocrx_word' id='word_1_188' title='bbox 1939 3546 1999 3591; x_wconf 70' lang='lat' dir='ltr'><strong>mr</strong></span> 
     </span>
     <span class='ocr_line' id='line_1_25' title="bbox 699 3627 1848 3709; baseline 0.003 -22"><span class='ocrx_word' id='word_1_189' title='bbox 699 3630 767 3688; x_wconf 89' lang='lat' dir='ltr'><strong>siue</strong></span> <span class='ocrx_word' id='word_1_190' title='bbox 789 3629 880 3707; x_wconf 86' lang='lat' dir='ltr'><strong>gloss.</strong></span> <span class='ocrx_word' id='word_1_191' title='bbox 896 3631 1035 3691; x_wconf 89' lang='lat' dir='ltr'><strong>codicum</strong></span> <span class='ocrx_word' id='word_1_192' title='bbox 1051 3627 1141 3702; x_wconf 83' lang='lat' dir='ltr'><strong>DFd‘,</strong></span> <span class='ocrx_word' id='word_1_193' title='bbox 1165 3650 1245 3709; x_wconf 84' lang='lat' dir='ltr'><strong>quse</strong></span> <span class='ocrx_word' id='word_1_194' title='bbox 1264 3631 1337 3688; x_wconf 86' lang='lat' dir='ltr'><strong>item</strong></span> <span class='ocrx_word' id='word_1_195' title='bbox 1359 3641 1392 3689; x_wconf 92' lang='lat' dir='ltr'><strong>ut</strong></span> <span class='ocrx_word' id='word_1_196' title='bbox 1408 3631 1499 3709; x_wconf 86' lang='lat' dir='ltr'><strong>gloss.</strong></span> <span class='ocrx_word' id='word_1_197' title='bbox 1516 3631 1546 3687; x_wconf 89' lang='grc' dir='ltr'><strong><em>Γ</em></strong></span> <span class='ocrx_word' id='word_1_198' title='bbox 1563 3653 1601 3691; x_wconf 80' lang='lat' dir='ltr'><strong>ex</strong></span> <span class='ocrx_word' id='word_1_199' title='bbox 1615 3654 1678 3690; x_wconf 92' lang='lat' dir='ltr'><strong>uno</strong></span> <span class='ocrx_word' id='word_1_200' title='bbox 1694 3634 1848 3692; x_wconf 90' lang='lat' dir='ltr'><strong>communi</strong></span> 
     </span>
     <span class='ocr_line' id='line_1_26' title="bbox 701 3731 1809 3812; baseline 0.004 -23"><span class='ocrx_word' id='word_1_201' title='bbox 701 3732 789 3810; x_wconf 86' lang='lat' dir='ltr'><strong>quasi</strong></span> <span class='ocrx_word' id='word_1_202' title='bbox 812 3733 893 3806; x_wconf 92' lang='lat' dir='ltr'><strong>rino,</strong></span> <span class='ocrx_word' id='word_1_203' title='bbox 917 3752 1101 3812; x_wconf 89' lang='lat' dir='ltr'><strong>quamquam</strong></span> <span class='ocrx_word' id='word_1_204' title='bbox 1122 3753 1230 3811; x_wconf 88' lang='lat' dir='ltr'><strong>parurn</strong></span> <span class='ocrx_word' id='word_1_205' title='bbox 1251 3731 1348 3806; x_wconf 88' lang='lat' dir='ltr'><strong>bono,</strong></span> <span class='ocrx_word' id='word_1_206' title='bbox 1372 3753 1512 3792; x_wconf 85' lang='lat' dir='ltr'><strong>manasse</strong></span> <span class='ocrx_word' id='word_1_207' title='bbox 1535 3735 1731 3792; x_wconf 85' lang='lat' dir='ltr'><strong>manifestum</strong></span> <span class='ocrx_word' id='word_1_208' title='bbox 1753 3743 1809 3794; x_wconf 89' lang='lat' dir='ltr'><strong>est.</strong></span> 
     </span>
    </p>
   </div>
   <div class='ocr_carea' id='block_1_9' title="bbox 1840 3840 1973 3879">
    <p class='ocr_par' dir='ltr' id='par_1_10' title="bbox 1840 3840 1973 3879">
     <span class='ocr_line' id='line_1_27' title="bbox 1840 3840 1973 3879; baseline 0.008 -2"><span class='ocrx_word' id='word_1_209' title='bbox 1840 3852 1846 3866; x_wconf 91' lang='lat'><strong>·</strong></span> <span class='ocrx_word' id='word_1_210' title='bbox 1878 3840 1973 3879; x_wconf 72' lang='lat' dir='ltr'><strong>reo-mio</strong></span> 
     </span>
    </p>
   </div>
   <div class='ocr_carea' id='block_1_10' title="bbox 695 3849 1994 5152">
    <p class='ocr_par' dir='ltr' id='par_1_11' title="bbox 695 3849 1994 5152">
     <span class='ocr_line' id='line_1_28' title="bbox 791 3849 1994 3931; baseline -0.001 -21"><span class='ocrx_word' id='word_1_211' title='bbox 791 3850 920 3911; x_wconf 80' lang='lat' dir='ltr'><strong>Codices</strong></span> <span class='ocrx_word' id='word_1_212' title='bbox 949 3854 1056 3931; x_wconf 86' lang='lat' dir='ltr'><strong>igitur,</strong></span> <span class='ocrx_word' id='word_1_213' title='bbox 1085 3852 1139 3930; x_wconf 91' lang='lat' dir='ltr'><strong>qui</strong></span> <span class='ocrx_word' id='word_1_214' title='bbox 1168 3852 1314 3910; x_wconf 84' lang='lat' dir='ltr'><strong>famosam</strong></span> <span class='ocrx_word' id='word_1_215' title='bbox 1343 3849 1426 3909; x_wconf 90' lang='lat' dir='ltr'><strong>illam</strong></span> <span class='ocrx_word' id='word_1_216' title='bbox 1449 3850 1545 3909; x_wconf 90' lang='lat' dir='ltr'><strong>Vettii</strong></span> <span class='ocrx_word' id='word_1_217' title='bbox 1573 3850 1994 3929; x_wconf 61' lang='lat' dir='ltr'><strong>Agoriillarrorti1„,„„„„m</strong></span> 
     </span>
     <span class='ocr_line' id='line_1_29' title="bbox 701 3950 1846 4032; baseline 0.001 -21"><span class='ocrx_word' id='word_1_218' title='bbox 701 3950 958 4031; x_wconf 84' lang='lat' dir='ltr'><strong>subscriptionem</strong></span> <span class='ocrx_word' id='word_1_219' title='bbox 981 3953 1103 4032; x_wconf 89' lang='lat' dir='ltr'><strong>epodon</strong></span> <span class='ocrx_word' id='word_1_220' title='bbox 1119 3952 1197 4011; x_wconf 91' lang='lat' dir='ltr'><strong>libro</strong></span> <span class='ocrx_word' id='word_1_221' title='bbox 1213 3951 1380 4011; x_wconf 86' lang='lat' dir='ltr'><strong>subiectam</strong></span> <span class='ocrx_word' id='word_1_222' title='bbox 1396 3950 1556 4024; x_wconf 88' lang='lat' dir='ltr'><strong>exhibent,</strong></span> <span class='ocrx_word' id='word_1_223' title='bbox 1579 3951 1612 4010; x_wconf 93' lang='lat' dir='ltr'><strong>hi</strong></span> <span class='ocrx_word' id='word_1_224' title='bbox 1627 3960 1699 4010; x_wconf 90' lang='lat' dir='ltr'><strong>suut</strong></span> <span class='ocrx_word' id='word_1_225' title='bbox 1713 3963 1846 4031; x_wconf 86' lang='lat' dir='ltr'><strong>septem:</strong></span> 
     </span>
     <span class='ocr_line' id='line_1_30' title="bbox 699 4049 1846 4132; baseline 0.002 -21"><span class='ocrx_word' id='word_1_226' title='bbox 699 4049 815 4132; x_wconf 73' lang='lat' dir='ltr'><strong>i&#39;;(ll)p</strong></span> <span class='ocrx_word' id='word_1_227' title='bbox 836 4054 1047 4115; x_wconf 82' lang='lat' dir='ltr'><strong>Bruxellensis</strong></span> <span class='ocrx_word' id='word_1_228' title='bbox 1070 4057 1151 4114; x_wconf 83' lang='grc'>9776</span> <span class='ocrx_word' id='word_1_229' title='bbox 1174 4053 1334 4112; x_wconf 87' lang='lat' dir='ltr'><strong>Parisinus</strong></span> <span class='ocrx_word' id='word_1_230' title='bbox 1357 4075 1374 4127; x_wconf 83' lang='lat' dir='ltr'><strong>q</strong></span> <span class='ocrx_word' id='word_1_231' title='bbox 1396 4080 1437 4100; x_wconf 98' lang='lat'><strong><em>=</em></strong></span> <span class='ocrx_word' id='word_1_232' title='bbox 1460 4054 1542 4111; x_wconf 76' lang='lat'><strong>8216</strong></span> <span class='ocrx_word' id='word_1_233' title='bbox 1565 4054 1750 4132; x_wconf 82' lang='lat' dir='ltr'><strong>Reginensis</strong></span> <span class='ocrx_word' id='word_1_234' title='bbox 1765 4055 1846 4113; x_wconf 86' lang='lat' dir='ltr'><strong>Tau·</strong></span> 
     </span>
     <span class='ocr_line' id='line_1_31' title="bbox 701 4155 1846 4234; baseline 0.001 -21"><span class='ocrx_word' id='word_1_235' title='bbox 701 4156 845 4215; x_wconf 79' lang='lat' dir='ltr'><strong>ricensis.</strong></span> <span class='ocrx_word' id='word_1_236' title='bbox 875 4156 908 4216; x_wconf 89' lang='lat' dir='ltr'><strong>id</strong></span> <span class='ocrx_word' id='word_1_237' title='bbox 930 4177 1004 4217; x_wconf 90' lang='lat' dir='ltr'><strong>uero</strong></span> <span class='ocrx_word' id='word_1_238' title='bbox 1027 4176 1117 4216; x_wconf 88' lang='lat' dir='ltr'><strong>nemo</strong></span> <span class='ocrx_word' id='word_1_239' title='bbox 1133 4166 1215 4216; x_wconf 87' lang='lat' dir='ltr'><strong>certe</strong></span> <span class='ocrx_word' id='word_1_240' title='bbox 1231 4157 1344 4215; x_wconf 86' lang='lat' dir='ltr'><strong>infitias</strong></span> <span class='ocrx_word' id='word_1_241' title='bbox 1367 4155 1431 4226; x_wconf 87' lang='lat' dir='ltr'><strong>ibit,</strong></span> <span class='ocrx_word' id='word_1_242' title='bbox 1449 4176 1544 4213; x_wconf 91' lang='lat' dir='ltr'><strong>unum</strong></span> <span class='ocrx_word' id='word_1_243' title='bbox 1560 4175 1711 4234; x_wconf 89' lang='lat' dir='ltr'><strong>quemque</strong></span> <span class='ocrx_word' id='word_1_244' title='bbox 1730 4165 1846 4214; x_wconf 89' lang='lat' dir='ltr'><strong>nostra·</strong></span> 
     </span>
     <span class='ocr_line' id='line_1_32' title="bbox 700 4257 1846 4337; baseline 0 -21"><span class='ocrx_word' id='word_1_245' title='bbox 700 4277 768 4316; x_wconf 88' lang='lat' dir='ltr'><strong>rum</strong></span> <span class='ocrx_word' id='word_1_246' title='bbox 790 4258 974 4318; x_wconf 89' lang='lat' dir='ltr'><strong>familiarum</strong></span> <span class='ocrx_word' id='word_1_247' title='bbox 997 4258 1133 4318; x_wconf 88' lang='lat' dir='ltr'><strong>codicem</strong></span> <span class='ocrx_word' id='word_1_248' title='bbox 1161 4257 1361 4337; x_wconf 88' lang='lat' dir='ltr'><strong>archetypum</strong></span> <span class='ocrx_word' id='word_1_249' title='bbox 1388 4257 1484 4316; x_wconf 91' lang='lat' dir='ltr'><strong>multo</strong></span> <span class='ocrx_word' id='word_1_250' title='bbox 1506 4259 1710 4335; x_wconf 87' lang='lat' dir='ltr'><strong>antiquiorem</strong></span> <span class='ocrx_word' id='word_1_251' title='bbox 1734 4258 1846 4316; x_wconf 89' lang='lat' dir='ltr'><strong>ducen-</strong></span> 
     </span>
     <span class='ocr_line' id='line_1_33' title="bbox 698 4358 1846 4439; baseline 0.001 -22"><span class='ocrx_word' id='word_1_252' title='bbox 698 4358 771 4417; x_wconf 89' lang='lat' dir='ltr'><strong>dum</strong></span> <span class='ocrx_word' id='word_1_253' title='bbox 790 4379 857 4420; x_wconf 89' lang='lat' dir='ltr'><strong>esse</strong></span> <span class='ocrx_word' id='word_1_254' title='bbox 871 4359 1034 4432; x_wconf 87' lang='lat' dir='ltr'><strong>Mauortio,</strong></span> <span class='ocrx_word' id='word_1_255' title='bbox 1058 4380 1148 4439; x_wconf 87' lang='lat' dir='ltr'><strong>quem</strong></span> <span class='ocrx_word' id='word_1_256' title='bbox 1164 4381 1246 4419; x_wconf 89' lang='lat' dir='ltr'><strong>anno</strong></span> <span class='ocrx_word' id='word_1_257' title='bbox 1263 4359 1423 4420; x_wconf 76' lang='lat' dir='ltr'><strong>nxxvll</strong></span> <span class='ocrx_word' id='word_1_258' title='bbox 1441 4382 1471 4438; x_wconf 87' lang='lat' dir='ltr'><strong>p.</strong></span> <span class='ocrx_word' id='word_1_259' title='bbox 1488 4358 1560 4418; x_wconf 83' lang='lat' dir='ltr'><strong>chr.</strong></span> <span class='ocrx_word' id='word_1_260' title='bbox 1577 4359 1733 4418; x_wconf 89' lang='lat' dir='ltr'><strong>consulem</strong></span> <span class='ocrx_word' id='word_1_261' title='bbox 1753 4360 1846 4418; x_wconf 69' lang='lat' dir='ltr'><strong>iniisse</strong></span> 
     </span>
     <span class='ocr_line' id='line_1_34' title="bbox 697 4460 1846 4541; baseline 0.001 -23"><span class='ocrx_word' id='word_1_262' title='bbox 697 4460 821 4521; x_wconf 89' lang='lat' dir='ltr'><strong>scimus.</strong></span> <span class='ocrx_word' id='word_1_263' title='bbox 851 4461 955 4540; x_wconf 71' lang='lat' dir='ltr'><strong>itaque</strong></span> <span class='ocrx_word' id='word_1_264' title='bbox 977 4482 1042 4520; x_wconf 91' lang='lat' dir='ltr'><strong>non</strong></span> <span class='ocrx_word' id='word_1_265' title='bbox 1057 4460 1208 4521; x_wconf 89' lang='lat' dir='ltr'><strong>audiendi</strong></span> <span class='ocrx_word' id='word_1_266' title='bbox 1229 4472 1303 4521; x_wconf 91' lang='lat' dir='ltr'><strong>suut</strong></span> <span class='ocrx_word' id='word_1_267' title='bbox 1324 4463 1360 4534; x_wconf 92' lang='lat' dir='ltr'><strong>ii,</strong></span> <span class='ocrx_word' id='word_1_268' title='bbox 1384 4463 1436 4541; x_wconf 89' lang='lat' dir='ltr'><strong>qui</strong></span> <span class='ocrx_word' id='word_1_269' title='bbox 1457 4462 1618 4520; x_wconf 89' lang='lat' dir='ltr'><strong>Horatium</strong></span> <span class='ocrx_word' id='word_1_270' title='bbox 1640 4463 1683 4519; x_wconf 90' lang='lat' dir='ltr'><strong>ita</strong></span> <span class='ocrx_word' id='word_1_271' title='bbox 1705 4460 1754 4519; x_wconf 87' lang='lat' dir='ltr'><strong>edi</strong></span> <span class='ocrx_word' id='word_1_272' title='bbox 1777 4481 1846 4519; x_wconf 89' lang='lat' dir='ltr'><strong>een·</strong></span> 
     </span>
     <span class='ocr_line' id='line_1_35' title="bbox 698 4563 1846 4643; baseline 0 -22"><span class='ocrx_word' id='word_1_273' title='bbox 698 4571 791 4621; x_wconf 89' lang='lat' dir='ltr'><strong>seant</strong></span> <span class='ocrx_word' id='word_1_274' title='bbox 820 4573 975 4643; x_wconf 89' lang='lat' dir='ltr'><strong>oportere,</strong></span> <span class='ocrx_word' id='word_1_275' title='bbox 1007 4572 1041 4622; x_wconf 91' lang='lat' dir='ltr'><strong>ut</strong></span> <span class='ocrx_word' id='word_1_276' title='bbox 1068 4563 1263 4622; x_wconf 86' lang='lat' dir='ltr'><strong>Mauortiana</strong></span> <span class='ocrx_word' id='word_1_277' title='bbox 1293 4566 1482 4641; x_wconf 89' lang='lat' dir='ltr'><strong>potissimum</strong></span> <span class='ocrx_word' id='word_1_278' title='bbox 1515 4574 1628 4622; x_wconf 88' lang='lat' dir='ltr'><strong>stemus</strong></span> <span class='ocrx_word' id='word_1_279' title='bbox 1656 4563 1846 4621; x_wconf 88' lang='lat' dir='ltr'><strong>recensione.</strong></span> 
     </span>
     <span class='ocr_line' id='line_1_36' title="bbox 700 4663 1846 4745; baseline 0 -24"><span class='ocrx_word' id='word_1_280' title='bbox 700 4665 794 4723; x_wconf 90' lang='lat' dir='ltr'><strong>immo</strong></span> <span class='ocrx_word' id='word_1_281' title='bbox 818 4685 875 4724; x_wconf 89' lang='lat' dir='ltr'><strong>nec</strong></span> <span class='ocrx_word' id='word_1_282' title='bbox 897 4685 1025 4745; x_wconf 89' lang='lat' dir='ltr'><strong>usquam</strong></span> <span class='ocrx_word' id='word_1_283' title='bbox 1041 4665 1174 4724; x_wconf 87' lang='lat' dir='ltr'><strong>Mauorti</strong></span> <span class='ocrx_word' id='word_1_284' title='bbox 1196 4665 1363 4742; x_wconf 75' lang='lat' dir='ltr'><strong>singularis</strong></span> <span class='ocrx_word' id='word_1_285' title='bbox 1377 4666 1525 4725; x_wconf 89' lang='lat' dir='ltr'><strong>lectiones</strong></span> <span class='ocrx_word' id='word_1_286' title='bbox 1540 4664 1590 4722; x_wconf 92' lang='lat' dir='ltr'><strong>uel</strong></span> <span class='ocrx_word' id='word_1_287' title='bbox 1607 4663 1846 4735; x_wconf 87' lang='lat' dir='ltr'><strong>emendationes,</strong></span> 
     </span>
     <span class='ocr_line' id='line_1_37' title="bbox 699 4766 1844 4847; baseline 0.001 -24"><span class='ocrx_word' id='word_1_288' title='bbox 699 4767 822 4844; x_wconf 80' lang='lat' dir='ltr'><strong>qualem</strong></span> <span class='ocrx_word' id='word_1_289' title='bbox 844 4766 941 4827; x_wconf 85' lang='lat' dir='ltr'><strong>habes</strong></span> <span class='ocrx_word' id='word_1_290' title='bbox 965 4769 1054 4847; x_wconf 88' lang='lat' dir='ltr'><strong>epist.</strong></span> <span class='ocrx_word' id='word_1_291' title='bbox 1078 4767 1200 4840; x_wconf 82' lang='lat' dir='ltr'><strong>11,os</strong></span> <span class='ocrx_word' id='word_1_292' title='bbox 1224 4766 1335 4845; x_wconf 80' lang='lat' dir='ltr'><strong>‘optat&#39;</strong></span> <span class='ocrx_word' id='word_1_293' title='bbox 1360 4788 1413 4844; x_wconf 90' lang='lat' dir='ltr'><strong>pro</strong></span> <span class='ocrx_word' id='word_1_294' title='bbox 1437 4766 1557 4844; x_wconf 88' lang='lat' dir='ltr'><strong>‘aptat’,</strong></span> <span class='ocrx_word' id='word_1_295' title='bbox 1582 4766 1649 4822; x_wconf 86' lang='lat' dir='ltr'><strong>aliis</strong></span> <span class='ocrx_word' id='word_1_296' title='bbox 1673 4774 1844 4845; x_wconf 90' lang='lat' dir='ltr'><strong>propterea,</strong></span> 
     </span>
     <span class='ocr_line' id='line_1_38' title="bbox 698 4865 1844 4947; baseline 0.001 -23"><span class='ocrx_word' id='word_1_297' title='bbox 698 4865 783 4946; x_wconf 92' lang='lat' dir='ltr'><strong>quod</strong></span> <span class='ocrx_word' id='word_1_298' title='bbox 812 4889 832 4927; x_wconf 89' lang='lat' dir='ltr'><strong>a</strong></span> <span class='ocrx_word' id='word_1_299' title='bbox 852 4867 1005 4928; x_wconf 86' lang='lat' dir='ltr'><strong>Mauortio</strong></span> <span class='ocrx_word' id='word_1_300' title='bbox 1033 4870 1182 4947; x_wconf 83' lang='lat' dir='ltr'><strong>originem</strong></span> <span class='ocrx_word' id='word_1_301' title='bbox 1207 4870 1345 4940; x_wconf 89' lang='lat' dir='ltr'><strong>trahant,</strong></span> <span class='ocrx_word' id='word_1_302' title='bbox 1376 4867 1611 4946; x_wconf 86' lang='lat' dir='ltr'><strong>anteponendas</strong></span> <span class='ocrx_word' id='word_1_303' title='bbox 1638 4886 1703 4924; x_wconf 89' lang='lat' dir='ltr'><strong>esse</strong></span> <span class='ocrx_word' id='word_1_304' title='bbox 1727 4867 1844 4925; x_wconf 88' lang='lat' dir='ltr'><strong>censui·</strong></span> 
     </span>
     <span class='ocr_line' id='line_1_39' title="bbox 695 4967 1845 5040; baseline -0.001 -13"><span class='ocrx_word' id='word_1_305' title='bbox 695 4988 765 5027; x_wconf 88' lang='lat' dir='ltr'><strong>mus</strong></span> <span class='ocrx_word' id='word_1_306' title='bbox 787 4989 845 5028; x_wconf 87' lang='lat' dir='ltr'><strong>nee</strong></span> <span class='ocrx_word' id='word_1_307' title='bbox 859 4969 1085 5031; x_wconf 86' lang='lat' dir='ltr'><strong>Mauortianam</strong></span> <span class='ocrx_word' id='word_1_308' title='bbox 1109 4973 1317 5030; x_wconf 87' lang='lat' dir='ltr'><strong>recensionem</strong></span> <span class='ocrx_word' id='word_1_309' title='bbox 1333 4970 1504 5029; x_wconf 89' lang='lat' dir='ltr'><strong>studuimus</strong></span> <span class='ocrx_word' id='word_1_310' title='bbox 1519 4970 1677 5040; x_wconf 91' lang='lat' dir='ltr'><strong>euincere,</strong></span> <span class='ocrx_word' id='word_1_311' title='bbox 1701 4967 1755 5026; x_wconf 84' lang='lat' dir='ltr'><strong>sed</strong></span> <span class='ocrx_word' id='word_1_312' title='bbox 1778 4989 1845 5027; x_wconf 89' lang='lat' dir='ltr'><strong>eam</strong></span> 
     </span>
     <span class='ocr_line' id='line_1_40' title="bbox 695 5070 1844 5152; baseline -0.005 -18"><span class='ocrx_word' id='word_1_313' title='bbox 695 5072 862 5134; x_wconf 83' lang='lat' dir='ltr'><strong>restituere</strong></span> <span class='ocrx_word' id='word_1_314' title='bbox 878 5075 1038 5134; x_wconf 87' lang='lat' dir='ltr'><strong>maluimus</strong></span> <span class='ocrx_word' id='word_1_315' title='bbox 1055 5075 1278 5146; x_wconf 85' lang='lat' dir='ltr'><strong>recensionem,</strong></span> <span class='ocrx_word' id='word_1_316' title='bbox 1304 5094 1395 5152; x_wconf 84' lang='lat' dir='ltr'><strong>qnmn</strong></span> <span class='ocrx_word' id='word_1_317' title='bbox 1413 5072 1642 5152; x_wconf 87' lang='lat' dir='ltr'><strong>antiquissimus</strong></span> <span class='ocrx_word' id='word_1_318' title='bbox 1658 5070 1844 5150; x_wconf 85' lang='lat' dir='ltr'><strong>archetypus</strong></span> 
     </span>
    </p>
   </div>
   <div class='ocr_carea' id='block_1_11' title="bbox 0 0 2581 6356">
    <p class='ocr_par' dir='ltr' id='par_1_12' title="bbox 0 0 2581 6356">
     <span class='ocr_line' id='line_1_41' title="bbox 0 0 2581 6356; baseline 0 0"><span class='ocrx_word' id='word_1_319' title='bbox 0 0 2581 6356; x_wconf 95' lang='lat' dir='ltr'><strong> </strong></span> 
     </span>
    </p>
   </div>
  </div>
 </body>
</html>
