5150 6367
657 1421 753 1462 recensio

669 1477 744 1513 nostra

785 1028 839 1068 xvl
1274 1024 1447 1066 PRAEFATIO

784 1197 875 1253 trium
904 1194 1024 1253 illerum
1051 1213 1128 1272 quos
1150 1193 1240 1252 mode
1270 1192 1402 1251 diximus
1429 1192 1620 1269 singularum
1646 1192 1832 1251 familiarum
1861 1191 1934 1251 olim

785 1296 959 1356 exhibuisse
982 1295 1133 1355 uideatur.

868 1431 967 1510 Ergo,
991 1430 1073 1510 quod
1097 1429 1343 1507 recipiendarum
1364 1431 1430 1488 siue
1453 1439 1644 1508 receptarum
1657 1431 1827 1491 lectionum
1842 1433 1934 1491 ratio·

784 1553 854 1592 nem
876 1533 1001 1603 attinet,
1032 1533 1175 1609 princeps
1199 1540 1305 1590 nostra
1327 1533 1482 1590 sententia
1504 1532 1583 1590 sicut
1605 1533 1638 1590 in
1660 1533 1722 1593 uol.
1747 1533 1763 1590 I
1785 1534 1878 1593 etiarn
1900 1535 1933 1592 in

783 1635 841 1692 hoc
868 1634 945 1694 libro
975 1654 1012 1692 ea
1041 1634 1114 1705 suit,
1145 1640 1179 1691 ut
1206 1633 1323 1710 primae
1351 1632 1455 1691 classis
1483 1632 1632 1693 lectiones
1663 1634 1726 1694 fere
1754 1643 1934 1714 putaremus

784 1737 912 1814 optimas
941 1735 1124 1812 easdemque
1153 1735 1308 1811 plerisque
1336 1733 1411 1791 locis
1439 1753 1650 1812 sequeremur:
1679 1745 1752 1794 sunt
1779 1746 1884 1819 autem
1913 1737 1936 1796 ii

783 1837 904 1895 codices
935 1831 1235 1912 A'(Ae)DE'(Ec)y
1264 1843 1296 1893 et
1322 1835 1354 1892 iu
1381 1833 1529 1894 subsidiis
1557 1836 1744 1896 Mellicensis
1773 1836 1935 1897 Parisinus

780 1959 802 2011 p
824 1965 866 1985 =
888 1939 970 1995 8214
990 1957 1043 1994 rr.
1074 1936 1257 2013 ubicumque
1272 1954 1348 1994 uero
1371 1944 1500 2013 utraque
1523 1936 1584 1995 alia
1600 1938 1718 2010 classis,
1743 1947 1775 1997 et
1795 1940 1937 1999 secunda

783 2049 814 2097 ot
835 2041 941 2110 tertia,
971 2039 1002 2095 in
1031 2038 1163 2096 lectione
1191 2058 1210 2096 a
1239 2037 1336 2115 prima
1364 2037 1461 2096 classe
1486 2037 1609 2096 diuersa
1631 2038 1859 2116 congruebant,
1891 2041 1937 2100 ibi

783 2141 863 2199 hanc
892 2140 1055 2198 lectionem
1084 2138 1129 2197 illi
1157 2138 1308 2216 singulari
1335 2159 1527 2217 praeponere
1554 2138 1728 2199 solebamus
1757 2142 1790 2199 in
1813 2144 1936 2219 primae

783 2241 888 2300 classis
918 2237 1085 2319 arclret'ypo
1113 2239 1258 2299 mendum
1286 2240 1381 2298 fuisse
1407 2240 1609 2318 suspicantes.
1661 2242 1764 2320 itaque
1793 2244 1825 2300 in
1857 2244 1935 2302 artis

783 2344 922 2420 poeticae
944 2362 975 2400 n.
999 2343 1061 2400 360
1084 2362 1146 2399 non
1170 2342 1286 2419 primae
1315 2341 1420 2400 classis
1446 2341 1608 2401 lectionem
1631 2346 1737 2421 ‘opere
1759 2345 1791 2401 in
1814 2344 1935 2423 longo',

784 2443 840 2502 sed
870 2444 997 2502 alteram
1025 2442 1129 2521 ‘operi
1157 2443 1268 2520 longo'
1306 2464 1374 2503 cum
1402 2441 1542 2501 omnibus
1573 2443 1669 2503 ferme
1697 2444 1869 2504 editoribus
1901 2447 1935 2504 in

782 2553 901 2604 textum
930 2546 1112 2624 recepimus,
1143 2546 1306 2622 primariae
1333 2543 1479 2604 uidelicet
1511 2544 1616 2603 classis
1646 2546 1735 2604 istam
1766 2546 1936 2606 lectionem

784 2648 828 2706 nil
857 2667 924 2706 esse
951 2648 1009 2705 rati
1034 2648 1098 2706 nisi
1127 2647 1317 2725 grammatici
1345 2646 1503 2706 cuiusdam
1531 2646 1778 2706 emendationem
1807 2667 1937 2726 prorsus

785 2747 1001 2808 damnandam.
1032 2748 1098 2808 eius
1121 2747 1205 2808 modi
1227 2756 1331 2808 autem
1353 2747 1586 2808 emendationes
1602 2749 1826 2825 grammaticae,
1852 2769 1937 2828 quac

784 2851 962 2928 plerumque
979 2849 1124 2928 perfacile
1140 2849 1259 2927 possint
1275 2849 1399 2929 dispici,
1423 2849 1473 2908 bie
1497 2849 1560 2908 illie
1582 2849 1778 2928 reperiuntur
1800 2851 1832 2908 in
1856 2853 1936 2922 opti-

784 2953 838 3010 mis
862 2952 978 3030 primae
1000 2950 1105 3009 classis
1129 2950 1295 3010 codicibus.
1330 2971 1388 3011 uec
1410 2952 1571 3030 quisquam
1593 2970 1668 3010 sane
1697 2951 1817 3010 crimini
1840 2952 1937 3012 nobis

783 3053 911 3124 tribuet,
936 3052 1019 3131 qnod
1041 3072 1119 3124 non,
1145 3053 1175 3111 in
1191 3052 1282 3112 huius
1299 3052 1403 3111 classis
1424 3051 1520 3111 uerba
1536 3053 1637 3112 iurare
1659 3051 1790 3125 addicti,
1815 3061 1937 3115 temere

785 3155 876 3214 retiam
898 3154 1088 3232 parniacum
1104 3173 1221 3213 errores
1244 3155 1311 3212 eius
1324 3154 1421 3232 signa
1436 3154 1533 3211 secuti
1547 3173 1666 3226 sumus,
1690 3154 1746 3213 sod
1768 3154 1938 3215 maluimus

784 3256 866 3314 omni
889 3255 921 3313 id
944 3275 1042 3333 genus
1064 3275 1136 3314 casu
1160 3256 1364 3333 grammaticis
1378 3256 1495 3333 primae
1517 3254 1622 3314 classis
1643 3257 1823 3316 correcturis
1846 3267 1937 3318 ante·

785 3377 900 3435 ponere
928 3356 1109 3415 ‘lectionem
1139 3356 1359 3415 difficiliorem’
1392 3357 1501 3415 ceteris
1531 3356 1649 3418 duabus
1676 3356 1824 3417 classibus
1860 3379 1935 3420 con·

785 3467 931 3534 grncntcr
952 3458 1190 3536 suppeditatam.

869 3593 994 3652 Tertiae
1018 3593 1123 3652 elassis
1149 3594 1231 3653 idest
1258 3593 1403 3653 librorum
1433 3590 1937 3674 Ε(φψ)λ’(λ1)δ’(δά)ειιυβ’(β

784 3693 888 3772 Fron.)
911 3688 948 3751 π’
966 3692 1000 3771 (a
1015 3693 1108 3771 ἱέμε.)
1132 3697 1281 3755 lectiones
1303 3696 1476 3774 singulares
1499 3695 1649 3775 originem
1664 3696 1787 3756 duxisse
1802 3698 1936 3759 uidean-

784 3805 833 3855 tur
861 3818 878 3855 e
906 3799 1059 3856 communi
1087 3799 1268 3857 recensione
1295 3798 1465 3877 antiquitus
1493 3797 1632 3877 quidem,
1661 3798 1716 3858 sed
1744 3798 1936 3860 deteriorum

786 3898 923 3958 codicum
947 3920 1005 3977 ope
1029 3900 1120 3958 facta.
1166 3900 1270 3978 itaque
1297 3908 1332 3958 ut
1358 3909 1513 3960 taceamus
1537 3899 1575 3959 de
1598 3900 1701 3958 multis
1722 3899 1797 3959 locis
1820 3902 1937 3980 quibus

784 3999 860 4059 haec
882 4003 949 4079 ipsa
965 4001 1095 4073 familia,
1120 4019 1199 4079 quae
1215 4001 1446 4079 antiquissimae
1461 4002 1570 4081 utique
1592 4001 1719 4080 originis
1741 4010 1801 4074 ost,
1824 4001 1937 4064 lectio-

785 4123 840 4161 nes
863 4102 1130 4181 ortlrograpbicam
1151 4104 1177 4161 si
1192 4104 1364 4181 respexeris
1380 4101 1477 4162 bonas
1499 4102 1637 4176 exhibet,
1662 4103 1819 4182 proprium
1836 4105 1935 4165 idern·

784 4223 843 4283 quo
867 4224 972 4262 uerum
994 4206 1158 4283 quicquam
1179 4206 1233 4264 uix
1255 4204 1301 4263 bis
1323 4214 1410 4265 terne
1432 4206 1577 4283 reperies.

869 4339 911 4398 Vt
932 4349 1035 4400 autem
1057 4340 1167 4399 tertiae
1190 4340 1325 4400 familiae
1348 4341 1496 4401 lectiones
1520 4342 1618 4400 omnis
1633 4343 1805 4421 promiscue
1822 4343 1934 4403 defen·

785 4442 858 4501 dcre
888 4450 918 4500 et
946 4451 1101 4521 tamquam
1129 4440 1257 4520 abipso
1286 4451 1378 4521 poeta
1399 4443 1553 4521 prolectas
1580 4443 1792 4503 commendare
1814 4447 1935 4506 nemini

784 4545 815 4601 in
839 4553 972 4604 mentem
1000 4545 1119 4616 ueniet,
1150 4544 1193 4603 ita
1223 4545 1319 4622 magis
1342 4553 1466 4604 econtra
1495 4546 1528 4603 in
1551 4544 1743 4606 aestimanda
1764 4546 1863 4606 classe
1886 4569 1934 4607 se-

785 4645 902 4717 cunda,
931 4666 1012 4724 quae
1041 4646 1215 4704 continetur
1243 4645 1399 4705 codicibus
1426 4644 1527 4724 Bdlp)
1552 4679 1589 4688 —
1623 4649 1707 4703 V-
1729 4656 1822 4707 etex
1844 4659 1934 4727 parto

784 4748 876 4806 etiam
898 4748 1054 4807 codicibus
1073 4744 1222 4823 (A')E'l,
1246 4747 1277 4805 in
1303 4748 1465 4808 discrimen
1481 4769 1640 4821 necamur,
1664 4749 1779 4828 quippe
1802 4769 1934 4828 quorum

785 4868 852 4907 cunr
881 4850 949 4922 alii,
979 4859 1042 4908 tum
1074 4852 1186 4925 Vety
1214 4850 1325 4909 multos
1355 4851 1520 4910 lectionum
1548 4871 1670 4910 suarum
1699 4859 1729 4910 et
1755 4850 1934 4911 laudatores

785 4960 815 5008 et
838 4951 1017 5010 defensores
1041 4953 1218 5010 inuenerint
1240 4954 1413 5012 acerrimos.
1453 4954 1529 5032 quin
1553 4955 1720 5012 extiterunt
1742 4953 1934 5031 grammatici

784 5053 854 5131 qui,
884 5054 944 5111 nisi
973 5053 1128 5112 codicibus
1155 5076 1173 5130 9
1202 5065 1232 5114 et
1263 5058 1286 5111 l'
1312 5065 1587 5135 epternpcrarotur·,
1619 5055 1715 5134 probe
1743 5073 1780 5114 ac
1808 5055 1933 5116 sincere
