5150 6367
1097 1061 1161 1104 mn.
1182 1060 1207 1103 ιι
1229 1060 1255 1113 s,
1272 1059 1376 1102 eoa-m
1744 1039 1802 1106 131

744 1227 814 1290 huic
837 1237 953 1291 uestem
976 1236 1008 1290 ut
1029 1237 1153 1310 gnatae,
1177 1237 1263 1306 pacet
1284 1226 1421 1300 ancillas,
1444 1236 1531 1309 pacet
1552 1246 1673 1300 aurum,
1753 1239 1803 1288 215

744 1339 853 1400 llulam
875 1348 925 1400 aut
947 1338 1088 1400 Pusillam
1111 1337 1240 1418 appellet
1262 1341 1391 1419 loctiquc
1414 1341 1523 1401 naarito
1641 1339 1644 1346 '

745 1447 874 1509 destinet
896 1467 1035 1518 uxorem,
1059 1448 1218 1510 interdicto
1241 1448 1311 1509 huic
1333 1468 1422 1511 otnne
1444 1449 1553 1510 adimat
1574 1451 1622 1509 ius

744 1567 863 1636 praetor
886 1559 973 1620 etad
997 1578 1084 1621 sanos
1107 1559 1194 1622 abeat
1215 1559 1305 1620 tutela
1328 1563 1522 1639 propinquos.

744 1668 832 1748 quiue
854 1670 948 1749 siquis
969 1678 1089 1748 gnatam
1111 1688 1166 1749 pro
1188 1678 1269 1731 muta
1292 1669 1423 1731 tleuouet
1446 1690 1534 1749 agua,

743 1781 858 1859 integer
879 1789 928 1843 est
949 1781 1057 1841 animi?
1080 1801 1118 1842 ne
1140 1781 1263 1841 dixeris.
1308 1799 1379 1859 ergo
1403 1780 1453 1842 ubi
1476 1798 1568 1860 praua
1753 1792 1805 1839 220

743 1887 878 1958 stultitia,
901 1888 950 1951 hic
972 1909 1087 1952 summa
1111 1899 1156 1951 est
1176 1893 1305 1960 insania;
1330 1893 1380 1970 qui
1403 1890 1566 1952 sceleratus

744 2008 774 2060 et
796 2001 928 2063 luciosus
951 2003 1022 2072 erit,
1047 2018 1135 2079 quem
1158 2003 1239 2081 cepit
1262 2003 1356 2061 [citrea
1379 2003 1472 2071 lama,

745 2109 826 2172 hunc
848 2112 962 2174 circum
985 2111 1082 2175 tonuit
1104 2111 1236 2190 gaudeus
1259 2110 1381 2172 Bellona
1404 2114 1546 2172 cruentis.

666 2265 861 2274 -----—----

663 2386 859 2452 iuueniorem.

724 2485 871 2534 ult-217
889 2483 1027 2550 ‘tortique
1044 2509 1079 2521 -—
1095 2487 1222 2535 uxorem’
1243 2486 1372 2534 Donatus
1391 2483 1426 2532 ad
1443 2484 1552 2534 Toront.
1571 2482 1630 2535 hcc.
1649 2486 1706 2536 1111
1725 2490 1752 2550 1,
1770 2490 1803 2538 41

724 2554 870 2603 222-223
889 2552 1078 2604 attractatus
1098 2552 1130 2601 de
1149 2552 1217 2602 (luco
1236 2553 1356 2602 Ernesto
1371 2549 1435 2616 [VII
1449 2554 1496 2602 197
1510 2549 1574 2618 ll.]:
1594 2558 1640 2602 ‘ct
1658 2570 1739 2619 quem
1757 2556 1805 2605 ho·

663 2620 734 2678 noris
752 2622 807 2670 mei
827 2635 858 2669 ce
879 2620 901 2670 it
919 2620 1010 2670 nitrea
1030 2620 1103 2670 lama
1120 2620 1284 2682 humiliabo,
1308 2620 1435 2684 quiaper
1452 2620 1579 2669 meltune
1593 2622 1805 2677 circumtonabit

664 2688 786 2753 gaudens
804 2690 844 2739 Be
869 2703 923 2738 ona
947 2689 1084 2739 cruentis'
1154 2691 1204 2738 222
1223 2691 1299 2752 ‘Quo
1316 2714 1350 2726 —-
1368 2688 1459 2737 lama’
1477 2687 1557 2738 tloril.
1577 2688 1716 2740 Cusanum

662 2825 861 2832 -—---—·———

660 2930 752 2972 tamn
777 2930 902 2972 Lucum.

742 3032 804 3090 215
826 3040 908 3106 gnate
931 3030 1010 3107 E(p)
1033 3039 1128 3099 gratae
1150 3050 1231 3103 apr.
1256 3039 1370 3103 nataoy
1387 3025 1434 3108 [β]
1501 3031 1562 3088 216
1586 3039 1679 3100 putam
1701 3041 1729 3084 et
1750 3051 1801 3107 pu-

659 3119 741 3172 tiliam
769 3119 824 3175 los.
849 3117 981 3191 Scotioer
1015 3133 1115 3186 papum
1148 3122 1197 3168 aut
1228 3116 1357 3185 pupillam
1389 3137 1409 3191 y
1435 3117 1591 3173 Lanuuinus
1624 3116 1726 3170 Ruoam
1754 3123 1804 3170 aut

659 3203 778 3257 rusilium
801 3221 825 3259 ω
841 3196 960 3279 [Georp.
975 3196 1144 3278 Fabricius]
1216 3209 1262 3257 aut
1284 3194 1365 3270 st‘g‘
1388 3210 1416 3256 et
1435 3219 1456 3274 y
1473 3198 1559 3277 [omn.
1583 3202 1689 3259 Bland.
1705 3197 1754 3280 (l)]

657 3322 782 3397 pusillam
807 3314 1037 3396 st'ffi'vttar)
1066 3337 1119 3389 pus
1141 3319 1193 3372 iam
1214 3338 1233 3394 9
1254 3294 1379 3389 pcisillum
1400 3340 1421 3394 y
1443 3315 1500 3397 [V]
1530 3321 1646 3374 rulillam
1675 3322 1802 3380 Ioannes

655 3407 870 3481 Despauterius
934 3405 1052 3481 appellet
1074 3405 1138 3461 DE
1146 3403 1201 3461 11⁷2
1215 3399 1243 3472 ς’
1267 3405 1366 3479 apellet
1387 3405 1452 3481 γυ)
1517 3406 1577 3465 218
1601 3406 1698 3464 Preion
1719 3406 1803 3484 Dyl

656 3490 756 3549 Preme
777 3492 808 3549 E
880 3489 974 3547 habeat
997 3491 1026 3546 E
1037 3510 1056 3565 y
1066 3508 1116 3562 pr.
1182 3487 1242 3547 219
1267 3488 1336 3558 Quid
1360 3484 1440 3558 Ω’ς’
1462 3489 1498 3562 (et
1513 3510 1586 3548 omn.
1604 3494 1685 3549 codd.
1702 3491 1800 3566 Cruq.)

657 3578 709 3633 Ac.
732 3577 806 3640 Quis
829 3595 880 3650 ry
949 3581 1057 3651 gnatam
1079 3567 1352 3649 DyFl'(vour
1372 3586 1397 3629 et
1416 3574 1523 3648 Fron.)
1545 3584 1640 3651 gnatas
1664 3577 1693 3632 E
1713 3584 1803 3650 natam

657 3695 732 3770 9(et
753 3694 784 3770 β)
859 3688 947 3771 muta]
971 3668 1050 3766 mitta
1072 3693 1088 3747 l
1110 3694 1194 3750 multu
1217 3691 1297 3767 Ele)
1362 3693 1483 3750 deuouct
1505 3694 1532 3750 Ι)
1597 3693 1659 3751 220
1681 3657 1802 3770 ΙιιὶξῗὺΙ)

740 3774 824 3857 ergo]
848 3796 917 3853 ergu
939 3781 968 3836 E
976 3798 1027 3852 pr.
1115 3778 1174 3834 221
1199 3777 1322 3834 stulticia
1344 3778 1408 3833 DE
1491 3778 1635 3833 Stzhics:
1657 3786 1699 3834 est
1721 3772 1802 3845 se'g‘

660 3864 791 3918 stultitias
813 3873 943 3917 summust
965 3865 1112 3921 tinterna
1188 3880 1265 3938 sumu
1287 3864 1314 3920 D
1379 3858 1440 3938 qui]
1464 3864 1524 3936 quis
1546 3864 1575 3918 F
1588 3861 1615 3937 (p
1627 3860 1688 3935 pr.)
1701 3879 1721 3933 y
1738 3884 1800 3934 opp.

659 3951 707 4007 Ac.
775 3949 835 4007 222
859 3950 931 4019 cepit
951 3962 1002 4026 96
1024 3951 1060 4021 (ct
1074 3946 1094 4023 β
1109 3948 1130 4021 1)
1149 3967 1168 4022 y
1190 3950 1265 4020 Pplt.
1285 3951 1372 4022 (lorii.
1391 3948 1454 4003 θυι.
1480 3954 1597 4004 tractat.
1621 3950 1656 4005 de
1674 3949 1799 4006 Ernesto

660 4069 747 4140 caepit
761 4088 808 4126 or
822 4066 859 4141 (et
873 4065 893 4141 β
906 4086 919 4125 2
934 4067 1039 4139 Fron.)
1062 4039 1136 4142 cipit
1149 4069 1178 4124 E
1197 4038 1272 4141 clipit
1294 4070 1304 4123 l
1324 4068 1415 4140 coepit
1429 4066 1456 4122 D
1462 4066 1534 4141 yut
1549 4065 1590 4138 (a)
1606 4067 1655 4139 Ps.
1717 4062 1799 4144 lama]

661 4152 742 4210 iorma
756 4155 786 4210 1?
797 4172 864 4212 uur.
875 4153 904 4226 (v
911 4152 933 4225 ι)
948 4173 1009 4225 opp.
1022 4148 1166 4225 Ppu'Ac.
1178 4155 1247 4209 Aer.
1259 4154 1347 4225 (lorti.
1365 4152 1430 4209 Cus.
1446 4163 1470 4206 ct
1487 4159 1572 4208 tract.
1588 4153 1623 4209 de
1639 4154 1764 4209 Ernesto

660 4256 706 4296 uu.
729 4237 791 4297 223
813 4256 856 4312 sq.
884 4240 990 4293 inuersa
1018 4240 1109 4292 ordino
1136 4239 1165 4291 in
1187 4257 1204 4293 r
1223 4256 1271 4309 pr.
1360 4236 1421 4293 223
1449 4238 1644 4294 circumtonuit
1665 4238 1694 4294 F
1713 4237 1729 4292 l
1750 4239 1801 4293 cir·

658 4340 716 4380 cum
739 4325 831 4381 tonuit
845 4324 875 4381 Ε
882 4343 902 4399 γ
915 4325 967 4381 Ac.
990 4326 1063 4380 circui
1086 4327 1176 4380 tonuit
1191 4322 1218 4377 D
1240 4322 1438 4374 circumsonuit
1458 4323 1575 4379 Peerlk,
1632 4325 1763 4396 pandens
1775 4323 1802 4378 D

658 4408 778 4482 gaudeus
805 4403 882 4467 cett!
895 4403 925 4476 ς’
947 4411 999 4467 Ac.
1026 4411 1096 4465 Aer.
1127 4415 1272 4466 tractatus
1303 4410 1338 4465 cle
1372 4409 1497 4465 Ernesto
1529 4408 1625 4475 flagris
1658 4409 1802 4480 Hitzipius

656 4493 756 4562 gladii·
778 4497 822 4550 uel
843 4493 951 4547 lacibus
972 4495 1090 4552 Peerlk.
1156 4501 1283 4550 cruentes
1306 4512 1329 4565 φ
1341 4512 1389 4566 pr.
1408 4490 1446 4567 (q)
1470 4490 1622 4560 ‘cruentisJ
1645 4500 1694 4543 aut
1716 4492 1801 4544 rebus

656 4588 704 4633 ant
730 4578 832 4649 plagis.
866 4577 992 4634 absoluta
1019 4596 1091 4650 quoe
1119 4578 1256 4647 sunguine
1284 4578 1404 4630 laetatur
1430 4578 1553 4630 cruentis
1581 4576 1723 4645 gaudens’
1747 4579 1800 4634 Ac.

653 4666 724 4723 Aer.
825 4662 888 4721 224
916 4668 949 4719 ab
976 4668 1025 4721 lton
1051 4684 1132 4718 uersu
1158 4665 1224 4719 noui
1249 4666 1375 4718 sermonis
1401 4664 1503 4717 initium
1529 4664 1623 4716 statuit
1649 4680 1667 4715 ν
1700 4660 1802 4713 ‘Nunc

654 4749 815 4804 luxuriosos
844 4749 959 4802 insanos
986 4751 1098 4821 probat,
1127 4767 1212 4819 supro
1234 4766 1335 4802 auctos
1370 4756 1398 4802 et
1419 4745 1595 4799 ambitiosos'
1618 4741 1738 4818 Porptu‘
1765 4753 1800 4817 cs.

651 4836 741 4893 Aen:
771 4833 868 4888 ‘Dixit
893 4833 923 4886 in
944 4850 1060 4902 auarus,
1090 4834 1188 4887 deinde
1215 4835 1243 4886 in
1272 4835 1447 4899 ambitiosos,
1475 4849 1549 4884 nunc
1576 4831 1604 4883 in
1632 4831 1801 4887 luxuriosos.

652 4921 718 4976 uult
739 4919 812 4974 onim
833 4920 913 4972 etium
936 4920 985 4973 hos
1007 4921 1121 4973 insanos
1150 4920 1241 4973 dicere
1264 4918 1341 4992 (doct
1364 4918 1409 4991 v)'
1432 4920 1501 4976 Aer.
1527 4915 1594 4969 ‘aut
1616 4917 1702 4970 uerba
1723 4916 1800 4970 Ster—

650 5005 719 5060 tinii
749 5006 839 5058 refert
864 5004 1048 5076 Damasippus
1082 5014 1130 5058 aut
1164 5023 1197 5057 ex
1225 5022 1345 5074 persona
1377 5021 1437 5057 cum
1469 5003 1584 5057 Horatio
1616 5001 1800 5072 Damasippus

650 5089 798 5164 loquitur’
820 5090 892 5148 Aer.

1611 5202 1646 5254 θ’

767 5353 773 5396 l

1879 5241 1965 5329 t
