5150 6367
1184 1034 1244 1074 nun.
1261 1033 1281 1074 1.
1297 1035 1372 1077 (it-3⁷

791 1201 896 1263 morbo
921 1203 1063 1270 uirorum,
1086 1199 1231 1279 quidlibet
1252 1201 1400 1277 impotens

833 1330 956 1391 sperare
978 1312 1156 1388 fortunaque
1179 1308 1259 1370 dulci

874 1421 964 1482 ebria.
996 1421 1047 1482 sed
1070 1422 1176 1482 minuit
1197 1421 1329 1481 furorem

792 1533 841 1594 uix
865 1550 922 1593 una
945 1550 1049 1611 sospes
1071 1533 1155 1592 nauis
1177 1530 1213 1591 ab
1235 1529 1364 1608 ignibus,

792 1648 982 1719 mentemque
1004 1640 1183 1723 lymphatam
1206 1641 1366 1703 Mareotico

833 1751 949 1829 redegit
970 1753 1001 1813 in
1023 1770 1113 1812 ueros
1134 1753 1257 1812 timores

873 1862 990 1932 Caesar,
1013 1862 1050 1923 ab
1073 1861 1155 1923 itaiia
1176 1860 1327 1922 uolantem

791 1973 883 2033 remis
905 1971 1063 2049 adurgens,
1088 1973 1228 2052 accipiter
1250 1971 1335 2033 ueiut

792 2081 889 2143 mollis
911 2081 1072 2151 columbas,
1096 2090 1147 2143 aut
1168 2082 1303 2162 leporem
1325 2083 1402 2143 citus

835 2200 959 2254 uenator
981 2194 1012 2255 in
1035 2194 1147 2272 campis
1169 2191 1276 2254 niualis

872 2303 1061 2372 Haemoniae,
1085 2303 1170 2364 daret
1191 2311 1225 2385 ut
1246 2305 1358 2363 catenis

791 2412 878 2474 iataie
900 2420 1076 2474 monstrum.
1107 2429 1184 2490 quae
1205 2416 1380 2491 generosius

790 2524 891 2603 perire
914 2540 1061 2601 quaerens
1084 2542 1140 2584 nec
1161 2523 1347 2584 muliebriter

835 2635 955 2713 expauit
976 2651 1080 2694 ensem
1103 2652 1159 2694 nec
1181 2633 1299 2695 latentis

871 2742 993 2805 *classe
1016 2746 1072 2805 cita
1094 2746 1246 2824 reparauit
1266 2762 1349 2811 oras;

791 2872 862 2915 ausa
884 2860 914 2915 et
934 2856 1080 2916 iacentem
1103 2855 1202 2917 uisere
1223 2855 1337 2933 regiam

792 2964 875 3026 uoitu
897 2983 1016 3034 sereno,
1040 2965 1126 3027 iortIs
1148 2971 1178 3025 et
1199 2983 1321 3044 asperas

833 3081 961 3136 tractare
984 3082 1149 3155 serpentes,
1173 3082 1207 3136 ut
1228 3083 1327 3137 atrum

872 3204 999 3265 corpore
1022 3183 1206 3246 combiberet
1227 3204 1388 3255 uenenum,

791 3294 954 3357 deliberata
976 3303 1074 3357 morte
1095 3297 1239 3358 ierocior:

715 3414 911 3424 ———--.-.

713 3483 909 3527 rnsmuonln.

772 3550 805 3598 22
818 3564 859 3613 eq.
879 3549 958 3602 ‘Hor
977 3551 1006 3601 tn
1023 3550 1037 3600 1
1056 3565 1154 3602 carm:
1172 3565 1226 3603 nec
1243 3551 1462 3604 muliebriter-
1475 3554 1569 3604 onees‘
1586 3554 1674 3605 Prisc.
1692 3553 1787 3607 XVIII
1799 3555 1847 3605 128

709 3738 801 3783 mu
814 3738 939 3783 monio.

791 3830 824 3882 lo
838 3827 934 3884 morbo
949 3822 1086 3905 uirorum]
1102 3826 1299 3885 Semiuirorum
1313 3822 1405 3901 y(cod.
1419 3824 1613 3904 Peerlkamp&
1636 3830 1847 3904 opprobriorum

710 3910 800 3968 Beati.
817 3913 868 3969 alii
882 3913 941 3968 alia
956 3929 1022 3984 opp.
1038 3912 1119 3987 acbp
1184 3914 1312 3988 inpotens
1326 3912 1415 3975 πψΑπ
1430 3912 1497 3969 Aer.
1514 3930 1567 3968 om.
1577 3913 1613 3969 Ar
1690 3916 1721 3967 12
1743 3916 1848 3972 minuet

709 3996 754 4053 Ac.
772 4013 839 4069 opp.
855 3996 935 4071 ecby
1015 3996 1102 4054 iurem
1117 4005 1154 4069 ψι
1221 4002 1252 4051 13
1271 3999 1349 4055 nauis
1364 4014 1417 4053 om.
1433 4013 1466 4053 πι
1534 4002 1564 4052 14
1586 3998 1723 4073 tymiatam
1740 3999 1766 4053 B
1787 3999 1847 4055 iim·

707 4081 813 4153 pbatam
829 4089 876 4151 ψιι
912 4081 1093 4157 linpbatamy
1180 4085 1212 4137 15
1234 4077 1277 4159 in]
1299 4084 1332 4140 ad
1347 4083 1440 4139 Bentt.
1526 4101 1604 4140 seros
1619 4084 1784 4140 Boubicrus

708 4167 736 4219 17
758 4167 880 4224 Remissa
896 4174 1011 4241 turgens
1026 4169 1054 4223 B
1122 4164 1411 4244 adurguensynzpp)
1499 4169 1613 4244 ueiudy
1699 4172 1731 4224 18
1752 4171 1847 4227 bioilcs

708 4250 787 4326 rytu
852 4254 886 4306 20
907 4252 1054 4310 Hemoniae
1068 4271 1123 4328 yvo
1187 4256 1218 4307 21
1235 4262 1401 4329 nostrumy
1466 4271 1519 4328 que
1534 4272 1553 4310 u
1617 4260 1651 4308 22
1671 4272 1788 4330 querens
1805 4257 1848 4331 Ay

707 4334 767 4403 tou
833 4339 868 4390 23
889 4335 1066 4407 Ιεῑεηῑεεψα
1130 4343 1164 4391 24
1184 4341 1324 4413 reparauit
1344 4336 1693 4413 SIPorpb.scb.ipscb.
1709 4358 1727 4415 y
1743 4343 1846 4397 utuid.

707 4415 837 4492 (interpr.
855 4421 926 4477 ‘non
941 4423 1053 4495 collcpit
1066 4423 1160 4480 denuo
1175 4426 1335 4480 excreatum
1356 4440 1395 4480 ex
1409 4425 1514 4479 tntimir
1525 4426 1660 4497 partibus
1674 4426 1729 4481 cibi
1742 4425 1847 4497 sacen·

708 4504 801 4581 t'bua’i
830 4523 851 4561 r.
868 4506 918 4562 Ac.
947 4509 1077 4581 repetiuit
1092 4509 1169 4565 Fece
1185 4508 1250 4564 ‘Vn
1260 4509 1402 4565 A.a2.m.'
1419 4510 1470 4565 olii
1483 4510 1541 4566 alia
1555 4512 1755 4567 coniecerunt:
1769 4528 1847 4585 repe·

709 4589 793 4653 iauit,
809 4590 964 4665 perarauit,
981 4591 1141 4667 trepidauit.
1163 4596 1334 4669 penetrauit,
1350 4597 1497 4657 remeauit,
1512 4597 1661 4657 reserauit,
1677 4596 1846 4669 properauit,

709 4677 872 4751 peragrauit.
889 4677 973 4733 citare
988 4678 1103 4751 parauit.
1120 4680 1159 4735 ire
1175 4681 1290 4753 parauit,
1307 4682 1410 4754 agitare
1426 4681 1541 4755 parauit,
1557 4696 1653 4754 rapere
1669 4681 1729 4742 init,
1745 4680 1847 4736 sollici-

710 4766 763 4817 tare
775 4761 893 4835 parauit,
910 4760 984 4817 ciade
996 4764 1094 4818 iterare
1106 4781 1137 4837 p:
1217 4764 1333 4821 horasu
1356 4765 1381 4820 h.
1399 4765 1448 4822 Ac.
1514 4769 1546 4819 25
1562 4766 1703 4821 iacentem
1719 4763 1735 4819 λ
1756 4772 1847 4822 tacen-

711 4877 791 4945 temy
807 4870 904 4927 Bentl.
974 4876 1007 4926 26
1029 4873 1110 4929 Voitu
1125 4873 1193 4948 Fyrr
1219 4855 1341 4932 VbituA
1363 4875 1467 4930 VuitB
1492 4873 1575 4930 Vultu
1591 4875 1653 4929 rell.
1719 4874 1804 4932 fortes
1819 4878 1848 4933 B

780 4986 814 5035 27
836 4987 926 5037 artum
942 4981 979 5037 Aa
1064 4987 1098 5038 28
1119 4984 1267 5058 Pectorey
1353 4983 1512 5042 conbiberet
1532 4983 1603 5059 λτιιχ
1639 4966 1805 5044 cbmbibcret
1821 4987 1846 5061 (v

712 5061 800 5145 erosa)
817 5066 844 5122 A
877 5065 1016 5123 cohiberet
1031 5066 1059 5122 B
