5150 6367
768 997 825 1039 VIII
1258 993 1434 1034 PRAEFATIO

768 1166 899 1245 psirnus,
929 1164 1011 1223 hune
1033 1163 1245 1222 intercedente
1268 1163 1305 1220 B.
1329 1160 1368 1220 G.
1391 1159 1595 1222 Teubnero
1617 1160 1801 1241 bybliopola
1823 1162 1913 1252 hone·

768 1266 914 1337 stissimo,
949 1266 997 1324 cui
1032 1267 1125 1325 etiam
1158 1265 1284 1323 huiusce
1317 1264 1462 1323 editionis
1490 1263 1719 1342 elegantissime
1751 1274 1916 1324 exornatae

770 1387 862 1428 eausa
889 1387 1000 1445 magns
1030 1367 1129 1445 gratia
1156 1365 1301 1425 habende
1331 1373 1392 1437 est,
1426 1385 1541 1423 summo
1570 1364 1632 1424 otio
1661 1365 1744 1424 dorni
1776 1366 1917 1426 conferre

618 1458 755 1564 rrpggppeps-
770 1469 859 1528 uobis
881 1468 976 1527 licuit.
1021 1467 1191 1558 qu—e-iocto
1219 1467 1421 1558 a—rchmypum
1449 1467 1561 1526 librum
1583 1461 1618 1521 π’
1641 1467 1804 1527 restituere
1827 1488 1916 1527 cone·

769 1571 878 1630 bamur
899 1571 1021 1629 saeculo
1044 1569 1124 1628 VIII
1149 1566 1212 1645 (uel
1234 1569 1345 1644 VIIII)
1371 1570 1403 1627 ni
1427 1569 1561 1628 fallimur
1583 1577 1741 1628 exaratum
1762 1588 1823 1629 nec
1843 1588 1918 1629 seue

771 1672 947 1750 indignum,
971 1674 1038 1750 qui,
1062 1670 1246 1749 ubicumque
1261 1670 1382 1729 codices
1407 1668 1633 1744 adhibentur,
1656 1670 1770 1730 soleret
1784 1669 1919 1730 laudari.

619 1759 756 1851 normate
771 1783 844 1834 nota
867 1793 886 1843 ς
905 1773 998 1851 igitur
1020 1772 1134 1851 singuli
1162 1770 1283 1831 codices
1306 1771 1349 1847 βπ
1370 1772 1609 1831 Frenekoranus
1631 1771 1804 1850 Lipsiensis
1833 1792 1918 1831 num·

644 1894 744 1942 norae·
770 1895 862 1955 qusm
889 1874 1104 1953 comprehensi
1131 1882 1216 1946 sunt,
1248 1873 1304 1932 sed
1336 1874 1458 1952 signum
1486 1868 1525 1942 ς”
1555 1872 1696 1943 denotat,
1733 1872 1921 1953 archetypos

769 1975 864 2035 libros
889 1969 923 2051 β’
946 1983 977 2034 ct
997 1971 1034 2031 π’
1056 1974 1196 2034 lectionis
1226 1972 1266 2034 de
1296 1995 1358 2053 qua
1384 1974 1557 2053 quibusque
1584 1974 1659 2032 locis
1688 1974 1791 2052 agitur
1820 1975 1919 2034 socios

648 2090 740 2137 notas·
772 2096 853 2150 esse,
883 2086 914 2136 ot
941 2085 1015 2135 nota
1037 2071 1069 2143 ς’
1091 2076 1256 2153 signifieat,
1286 2084 1341 2135 ortt
1362 2072 1396 2153 β’
1420 2084 1473 2135 aut
1495 2072 1531 2131 π’
1559 2070 1702 2153 (quorum
1731 2083 1802 2134 uter
1825 2075 1918 2136 dono·

771 2187 866 2251 tetur,
894 2178 1007 2256 ubique
1030 2198 1068 2236 ex
1090 2186 1235 2237 contestu
1257 2175 1397 2256 apparet)
1422 2175 1552 2237 eandem
1575 2175 1721 2235 exhibere
1743 2175 1920 2236 lectionem.

772 2298 830 2338 neo
852 2299 920 2338 raro
942 2279 1082 2357 singulos
1104 2278 1240 2351 codices,
1270 2279 1322 2357 qui
1345 2299 1446 2357 neque
1476 2274 1507 2348 ς’
1530 2293 1674 2356 ιωφως
1703 2278 1794 2355 signo
1824 2280 1920 2337 eonti-

772 2389 900 2455 nentur,
923 2381 990 2440 siue
1014 2380 1034 2457 β
1056 2381 1120 2440 siue
1143 2398 1181 2452 rr,
1205 2382 1271 2439 siue
1293 2381 1388 2439 Fran.
1411 2380 1477 2438 sius
1499 2380 1601 2457 Lips,
1626 2378 1782 2438 codicibus
1807 2398 1837 2452 ς,
1865 2379 1921 2439 sed

772 2483 883 2542 uocula
906 2480 965 2537 ‘et'
989 2481 1027 2541 ab
1049 2481 1097 2539 his
1120 2492 1278 2560 separatos
1301 2480 1479 2540 adiecimus.

620 2575 761 2677 ⁰⁰‘¹l⁰2⁸,⁹⁰‘
859 2582 945 2660 Quos
968 2591 1144 2642 constanter
1166 2583 1297 2642 formula
1321 2582 1596 2660 §significauimus
1625 2581 1746 2640 codices
1773 2590 1848 2641 sunt
1874 2582 1921 2642 hi:

650 2693 744 2734 eodcxv
778 2698 872 2760 vcrpr,
897 2684 936 2743 ad
964 2702 1040 2762 quos
1069 2686 1102 2742 in
1124 2684 1264 2764 epistulis
1287 2691 1317 2743 et
1341 2684 1372 2741 in
1395 2692 1461 2741 arte
1483 2684 1604 2762 poetica
1627 2704 1642 2741 o
1670 2682 1806 2755 accedit,
1829 2704 1921 2763 quern

651 2794 745 2836 codexv
773 2794 807 2845 ut
828 2786 953 2844 minoris
975 2786 1056 2863 proti
1078 2785 1214 2844 codicem
1238 2786 1268 2844 in
1293 2786 1483 2845 sermonibus
1506 2784 1687 2863 spreuimns.
1719 2805 1738 2841 ν
1759 2810 1801 2832 =
1825 2784 1924 2844 codex

773 2886 1019 2963 Nienburgonsis
1046 2907 1129 2945 nune
1154 2886 1372 2947 Dessauiensis
1399 2887 1427 2944 A
1454 2886 1569 2945 saeculi
1590 2869 1628 2944 {i
1650 2886 1801 2956 ineuntis,
1831 2905 1922 2965 quem

774 3007 812 3047 ea
834 2990 902 3065 ipso
926 2988 965 3046 de
988 3008 1092 3059 cause,
1116 2989 1200 3066 quod
1223 3008 1286 3047 non
1310 2989 1407 3047 solum
1426 2987 1692 3060 Germanicorum,
1717 2988 1772 3046 sed
1796 2988 1922 3046 omnino

775 3090 910 3149 omnium
926 3089 1167 3148 Horatianorum
1189 3090 1329 3149 codicum
1351 3090 1432 3148 inter
1454 3090 1677 3148 uetustissimos
1700 3097 1760 3161 est,
1785 3097 1922 3167 praeter-

774 3191 895 3249 mittere
923 3190 1085 3252 noluimus.
1130 3211 1188 3250 neo
1210 3191 1337 3250 minoris
1365 3192 1455 3268 pretii
1478 3210 1515 3249 ea
1541 3190 1580 3249 de
1608 3209 1701 3250 cause
1728 3198 1809 3262 erat,
1840 3190 1923 3270 quod

775 3293 802 3352 si
825 3312 887 3350 non
916 3290 1060 3364 optimus,
1090 3301 1122 3350 at
1147 3293 1230 3352 inter
1259 3292 1389 3370 optimos
1410 3291 1541 3350 Aoronis
1570 3293 1610 3351 ad
1637 3311 1794 3351 sormones
1823 3299 1854 3350 ct
1883 3292 1924 3351 sd

775 3400 871 3453 artem
894 3394 1044 3470 poetieam
1068 3401 1123 3456 est.
1161 3395 1251 3453 immo
1273 3414 1348 3453 uero
1371 3393 1464 3452 etiam
1484 3394 1627 3453 lemmate
1649 3411 1728 3471 quae
1752 3392 1861 3452 dicunt
1884 3393 1924 3452 sd

705 3507 710 3512 “
774 3513 930 3553 sermones
953 3503 983 3553 et
998 3504 1093 3554 artem
1116 3497 1266 3574 poetieam
1282 3492 1375 3574 (quae
1389 3496 1479 3573 signo
1494 3494 1550 3553 Ao.
1567 3492 1753 3572 notabimus)
1777 3514 1817 3553 ex
1838 3494 1927 3554 nulla

776 3594 837 3655 elia
859 3595 1036 3654 membrana
1063 3596 1123 3655 nisi
1151 3616 1189 3656 ex
1216 3597 1325 3657 eodem
1354 3618 1371 3653 v
1398 3596 1522 3655 haurire
1544 3596 1707 3675 potuimus.
1751 3615 1811 3673 quo
1840 3595 1926 3655 bono

776 3696 882 3755 codiee
904 3705 938 3754 ut
960 3717 1015 3775 per
1037 3698 1131 3756 otium
1153 3699 1197 3757 uti
1221 3717 1393 3776 possemus,
1423 3699 1498 3755 uiri
1520 3697 1804 3776 benignissimi,
1829 3716 1925 3776 quo·

776 3808 856 3856 rum
875 3797 942 3856 sub
965 3818 1055 3857 eura
1078 3798 1416 3878 imperioqueludi
1439 3799 1657 3857 litterarum
1672 3796 1926 3859 Wirtember-

777 3900 852 3977 giei
875 3907 977 3971 sunt,
1001 3899 1061 3958 fide
1083 3919 1139 3958 sua
1161 3901 1244 3979 apud
1259 3898 1447 3960 Anhaltinos
1470 3901 1652 3978 interposita
1669 3901 1928 3978 impetrauerunt.

861 3999 954 4077 Quod
978 3999 1017 4060 ad
1040 4000 1186 4059 lectiones
1209 4003 1344 4080 pertinet
1365 4002 1462 4061 codex
1485 4022 1502 4057 v
1523 4002 1597 4060 satis
1612 4002 1766 4060 solitarius
1781 4009 1842 4060 est:
1867 4021 1930 4063 nec

654 4113 752 4155 conexo
777 4102 877 4161 minus
900 4101 998 4160 codex
1020 4115 1038 4157 σ
1060 4127 1101 4149 =
1124 4102 1337 4181 sangallensis
1361 4104 1534 4182 oppidanus
1559 4104 1620 4160 312
1643 4100 1783 4179 (13111)
1808 4104 1870 4161 ianr
1894 4106 1930 4163 in

641 4196 758 4239 ⁶⁰‘¹⁰¹¹'‘·
777 4203 933 4262 uolumine
957 4203 1053 4280 primo
1083 4203 1250 4263 adbibitus.
1295 4206 1381 4263 cuius
1408 4204 1544 4276 proximo
1572 4204 1696 4263 affinem
1717 4201 1928 4282 Petrepolita·

624 4254 658 4289 tro
674 4249 768 4290 olitanus

625 4261 763 4364 “blfmlt'
778 4326 853 4364 num
875 4304 1064 4376 inuenimus,
1091 4323 1128 4362 ex
1150 4323 1209 4383 quo
1231 4327 1295 4365 una
1317 4327 1385 4366 curn
1405 4307 1501 4365 altero
1524 4305 1603 4365 liber
1624 4302 1783 4384 originalis
1804 4301 1837 4360 σ’
1852 4325 1928 4366 con·

648 4356 656 4389 i

659 4361 744 4403 Ilm
777 4407 855 4466 strui
877 4414 1012 4484 poterat,
1042 4406 1102 4463 nisi
1125 4404 1164 4465 de
1186 4426 1246 4484 quo
1270 4408 1354 4466 iufra
1375 4427 1499 4485 agemus
1522 4405 1747 4486 Petropolitsni
1771 4408 1931 4484 permulta

777 4508 1005 4586 mundantque
1028 4508 1155 4566 inferior
1177 4517 1262 4568 setas
1285 4508 1318 4567 id
1347 4508 1435 4567 nobis
1458 4510 1682 4569 dissuasissont.
1726 4527 1795 4566 oum
1817 4506 1929 4570 Petro-

777 4610 948 4688 politanum
971 4609 1043 4667 olim
1059 4608 1357 4688 sangermanensem
1380 4610 1475 4670 fuisso
1497 4611 1570 4669 setis
1592 4616 1712 4669 eonstot
1727 4628 1831 4688 nequo
1846 4609 1929 4671 San·

778 4710 947 4789 gallensem
970 4710 1042 4769 fano
1058 4711 1157 4770 saneti
1173 4710 1256 4770 Galli
1280 4712 1444 4770 oriundum
1459 4732 1526 4771 esse
1549 4732 1567 4770 a
1582 4711 1785 4770 Wsrtmanno
1802 4710 1930 4789 byblio-

777 4811 914 4870 thecario
938 4813 1082 4871 certiores
1107 4812 1179 4870 facti
1201 4813 1309 4885 simus,
1334 4825 1352 4867 σ
1375 4832 1498 4892 quoquo
1521 4813 1572 4872 uel
1595 4812 1686 4871 etiarn
1709 4807 1742 4867 6'
1766 4832 1805 4871 ex
1821 4811 1932 4874 Gallia

777 4913 882 4989 procul
913 4913 1005 4972 dubio
1034 4915 1184 4990 originem
1214 4914 1311 4973 duxit.
1356 4915 1389 4973 in
1412 4935 1499 4973 usum
1526 4914 1690 4972 uoluminis
1713 4912 1747 4972 11
1769 4913 1887 4974 codicis
1912 4932 1932 4974 σ

778 5013 922 5091 optimam
946 5016 1151 5075 conlationem
1173 5014 1344 5075 Eduardi
1367 5014 1500 5074 Woelf
1506 5016 1519 5073 s
1525 5014 1597 5073 lini
1621 5014 1807 5075 Vitodurani
1832 5018 1928 5077 comi·
