5150 6367
698 1003 718 1039 X
1180 996 1356 1037 l‘llrllll'ATlO

698 1166 780 1247 quod
809 1167 906 1226 codex
933 1187 952 1221 o
983 1167 1013 1225 in
1043 1165 1132 1225 rebus
1161 1166 1403 1244 orthographicis
1436 1187 1542 1244 parum
1571 1163 1740 1224 tractabilis
1769 1173 1843 1237 erat,

697 1269 813 1347 quippo
835 1269 887 1346 qui
910 1267 999 1326 modo
1022 1287 1048 1323 m
1071 1267 1160 1325 modo
1184 1288 1201 1323 a
1224 1267 1314 1344 signo
1336 1266 1349 1279 ”
1373 1268 1513 1339 denotet,
1545 1269 1587 1326 ita
1610 1276 1658 1337 ut,
1688 1269 1845 1345 quotiens-

697 1389 826 1448 cumque
848 1370 1018 1428 litteramm
1040 1388 1057 1424 a
1081 1369 1131 1427 uel
1154 1389 1180 1426 m
1196 1369 1343 1448 exemplis
1359 1368 1587 1429 occurrentibus
1603 1368 1703 1427 codex
1718 1389 1737 1424 α
1758 1366 1844 1444 (Bar-

697 1470 886 1548 oinonensis)
911 1470 1125 1549 compendium
1149 1470 1321 1543 exhiberet,
1346 1471 1497 1549 expressis
1519 1470 1552 1529 id
1574 1469 1677 1528 acerbis
1693 1469 1845 1529 adnotan-

698 1574 769 1632 dum
785 1582 875 1631 esset.
906 1593 972 1632 oum
992 1581 1153 1650 praeterea
1174 1580 1304 1650 utroque
1324 1573 1430 1631 codiee
1446 1573 1512 1630 sinc
1527 1570 1591 1629 ullo
1607 1571 1720 1631 damno
1739 1591 1846 1630 carere

699 1675 847 1753 possimus
877 1683 908 1733 et
929 1673 1168 1733 Barcinonensis
1197 1674 1311 1732 codicis
1332 1674 1469 1733 Rittcrus
1498 1674 1573 1731 satis
1605 1681 1719 1732 certam
1742 1671 1846 1731 conla-

698 1777 812 1834 tionem
836 1774 950 1853 publici
972 1775 1046 1833 iuris
1069 1774 1189 1844 lecerit,
1213 1776 1245 1832 in
1268 1776 1426 1834 uolumine
1448 1776 1538 1834 tortio
1554 1795 1609 1834 suo
1625 1773 1707 1844 loeo,
1730 1772 1784 1831 ubi
1808 1773 1847 1833 de

698 1877 836 1954 cognatis
858 1878 1015 1953 utriusque
1039 1876 1151 1934 codicis
1173 1875 1259 1934 libris
1289 1876 1486 1948 disseremus,
1515 1874 1777 1935 memorabiliores
1800 1896 1845 1934 ar·

699 1978 824 2057 ohetypi
847 1977 916 2036 libri
939 1971 971 2032 u'
994 1976 1142 2035 lectiones
1165 1997 1227 2036 una
1242 1996 1311 2035 cnm
1326 1977 1428 2036 indice
1445 1997 1550 2037 eorum
1564 1978 1708 2047 locorum,
1732 1975 1847 2054 quihus

698 2078 870 2137 Ritteriana
893 2078 946 2137 illa
968 2078 1080 2136 codicis
1102 2099 1121 2133 o
1144 2078 1277 2136 conlatio
1302 2079 1448 2137 arendosa
1471 2088 1530 2151 ost,
1554 2077 1747 2156 suppleuisse
1770 2078 1847 2136 satis

560 2167 889 2268 ‘g‘ssssssssffljhabebimus
932 2178 983 2237 hie
1005 2187 1106 2237 autern
1128 2179 1226 2238 codex
1253 2180 1285 2237 in
1315 2180 1471 2239 uolumine
1495 2181 1510 2238 I
1533 2189 1607 2239 nota
1629 2200 1661 2250 α,
1694 2179 1725 2236 in
1758 2178 1846 2237 uolu-

699 2282 781 2341 mine
803 2280 834 2338 ll
858 2299 1023 2358 numquam
1045 2300 1082 2338 ea
1103 2280 1220 2350 littera,
1245 2281 1299 2339 sed
1324 2282 1561 2339 Barcinonensis
1585 2281 1707 2339 nomino
1729 2280 1846 2358 ubique

698 2382 837 2460 signatus
861 2382 989 2440 ineunte
1010 2382 1133 2441 saeculo
1148 2365 1201 2441 XT
1221 2384 1252 2441 in
1268 2382 1423 2459 llispania
1439 2391 1581 2443 exaratus
1605 2401 1671 2440 esse
1686 2381 1847 2460 putandus

699 2493 758 2554 cst,
788 2503 871 2541 nune
894 2485 925 2541 in
948 2482 1146 2563 bybliotheca
1167 2484 1378 2542 uniuersitatis
1400 2484 1546 2543 Halensis
1573 2492 1665 2544 extat.
1711 2482 1846 2543 liberali-

698 2593 761 2643 tate
784 2585 931 2662 equitis
960 2578 1005 2644 de
1028 2585 1178 2643 Mrrhlor
1206 2605 1236 2643 u.
1260 2585 1303 2643 cl.
1327 2585 1576 2644 Berussorum
1604 2586 1658 2644 rei
1688 2584 1845 2644 littera·

699 2687 778 2744 riae
809 2695 844 2743 et
871 2685 1129 2745 scholasticae
1152 2685 1343 2764 praefecti
1375 2695 1405 2744 et
1427 2687 1615 2745 humanitate
1644 2685 1845 2745 Theodori

698 2787 857 2864 Bergkii
892 2795 922 2846 et
950 2785 1164 2846 Godolredi
1193 2787 1440 2866 Bernhardyi
1473 2788 1587 2846 sactum
1615 2796 1675 2858 est,
1711 2787 1847 2847 utlibet

699 2909 753 2967 per
781 2888 841 2946 duo
870 2888 965 2947 ferme
999 2889 1111 2948 mensis
1140 2889 1221 2947 dorni
1247 2899 1370 2947 nostrae
1399 2898 1583 2962 remaneret,
1619 2891 1661 2947 ita
1689 2897 1723 2947 nt
1754 2889 1846 2949 etiam

698 2988 814 3048 scholia
843 3009 922 3068 quae
951 2989 1004 3048 ille
1034 2991 1173 3049 continet
1201 3010 1367 3069 excerpere
1395 3000 1425 3049 et
1448 3009 1658 3069 quaecumque
1687 2990 1847 3051 commoda

698 3090 878 3150 uirlcrontur
906 3092 938 3149 in
967 3111 1054 3149 usum
1081 3091 1170 3150 huius
1198 3092 1363 3152 uoluminis
1391 3101 1571 3151 conuertere
1593 3111 1764 3169 possemus.
1809 3113 1846 3152 ex

560 3184 808 3288 fflssfflgeodem
833 3192 916 3251 fonte
940 3194 1076 3281 rnamtuit
1105 3193 1203 3252 codex
1225 3192 1461 3270 Bamhergensis
1490 3214 1536 3251 nr.
1558 3193 1590 3251 K
1613 3193 1640 3249 2.
1663 3191 1710 3269 (M
1732 3193 1779 3253 IV
1803 3193 1846 3270 7.)

699 3303 831 3353 exeunte
853 3292 974 3353 saeculo
990 3294 1022 3350 X
1046 3296 1075 3351 ni
1093 3295 1228 3354 fallimur
1249 3295 1281 3352 in
1299 3293 1466 3353 Germania
1482 3304 1633 3353 exaratus.
1662 3295 1735 3353 olinr
1752 3294 1847 3355 luisse¹

699 3396 810 3453 dicitur
832 3398 864 3453 in
881 3395 1132 3455 ‘sacramentario
1147 3395 1272 3454 llatoldi
1290 3394 1380 3454 Goth.
1398 3417 1443 3458 nr.
1462 3396 1551 3466 587’,
1576 3415 1658 3454 nnnc
1676 3397 1708 3454 in
1725 3396 1846 3476 byblio-

697 3496 786 3555 theca
814 3496 893 3555 cath.
922 3497 1047 3576 capituli
1077 3497 1312 3575 Bambergonsis
1347 3506 1439 3556 extat.
1489 3496 1582 3555 Hune
1615 3495 1726 3555 librum
1759 3499 1847 3557 cuins

698 3597 814 3655 scholia
836 3617 958 3676 quoque
986 3617 1053 3656 cnm
1077 3599 1300 3658 Barcinoneasi
1330 3619 1453 3676 prorsus
1480 3599 1678 3657 consentiunt
1701 3619 1758 3677 per
1780 3599 1848 3658 lon·

699 3718 770 3776 gum
798 3706 916 3777 tempus
946 3699 1026 3758 domi
1055 3700 1195 3758 conferre
1231 3699 1356 3771 licebat,
1392 3720 1459 3758 enm
1493 3699 1709 3777 conlegium
1744 3701 1848 3761 inlu·

698 3800 928 3858 strissimum
950 3820 1078 3860 eorum
1101 3802 1163 3879 qni
1187 3802 1268 3879 regi
1294 3800 1608 3878 Wirtembergico
1631 3809 1720 3859 sunt
1742 3823 1762 3860 a
1786 3822 1847 3862 re-

697 3899 766 3958 bus
798 3900 1046 3961 scholasticis
1080 3903 1246 3981 sponsione
1277 3922 1311 3960 se
1344 3902 1432 3960 nobis
1461 3902 1684 3961 obstrinxisset.
1737 3924 1848 3965 uerum

698 4003 779 4060 errim
802 4023 874 4061 uero
898 4003 947 4061 hie
968 4002 1047 4062 liber
1069 4003 1194 4063 minime
1216 4005 1338 4080 integer
1360 4013 1419 4074 est,
1443 4003 1498 4062 sed
1521 4003 1561 4062 ad
1584 4003 1707 4062 modum
1730 4003 1825 4068 lacer.

561 4165 629 4206 codex
644 4167 681 4205 tr·
780 4154 1075 4232 Argentoratensem
1103 4155 1154 4215 IlI
1175 4182 1217 4203 =
1243 4155 1459 4235 bybliothecae
1486 4155 1641 4215 seminarii
1670 4159 1849 4236 euangelici

560 4222 676 4308 *liiii*
680 4241 685 4247 ¹
698 4255 969 4333 argentoratensis
997 4256 1026 4313 A
1048 4256 1094 4315 IV
1119 4259 1179 4315 195
1210 4257 1281 4315 olim
1305 4256 1348 4314 Io.
1373 4257 1433 4315 lac.
1458 4255 1596 4316 Garnbsii
1625 4278 1706 4316 saec.
1728 4241 1850 4318 ffi—

696 4341 794 4429 illl,
825 4358 1033 4416 continentem
1061 4368 1156 4417 artem
1186 4359 1335 4438 poetieam
1364 4378 1520 4416 sermones
1550 4358 1698 4436 epistulas
1720 4360 1848 4421 Karo-

696 4459 753 4517 lus
776 4458 945 4537 Longius
968 4458 1016 4516 uir
1039 4457 1078 4517 do
1101 4459 1232 4537 Vegetio
1255 4460 1386 4519 maximo
1410 4460 1545 4518 omnium
1567 4460 1691 4519 meritus
1714 4480 1777 4539 qua
1800 4474 1850 4522 est

695 4561 832 4638 ingenua
855 4578 928 4637 erga
950 4578 1007 4618 nos
1031 4561 1164 4619 amicitia
1186 4561 1218 4619 in
1241 4561 1433 4620 sermonibus
1456 4560 1627 4640 descripsit.

583 4723 651 4785 esan
781 4711 873 4769 Basil.
896 4711 912 4769 Ι
934 4737 976 4760 =
997 4711 1213 4791 bybliothecae
1236 4712 1377 4790 publicae
1401 4713 1580 4772 Basilionsis
1602 4713 1628 4770 F
1650 4713 1698 4773 lv
1713 4714 1754 4772 26
1777 4735 1845 4774 sae·

576 4774 663 4816 sorti
697 4813 756 4872 culi
783 4796 866 4871 Xsll
895 4833 933 4871 ex
963 4834 979 4872 o
1012 4814 1198 4892 descriptum
1229 4813 1426 4874 Friderici
1460 4814 1712 4894 Hegenbachi
1747 4818 1847 4876 nostri

695 4915 787 4973 solita
816 4915 959 4974 comitate
992 4925 1022 4974 et
1055 4916 1165 4975 eximia
1200 4915 1400 4975 Francisei
1433 4917 1622 4975 Dorothei
1657 4915 1846 4978 Gerlacbi

695 5015 880 5075 liberalitate
903 5016 1026 5075 domum
1048 5026 1207 5096 acceptum
1227 5017 1410 5077 contulimus
1434 5019 1508 5096 ipsi,
1538 5017 1685 5097 licuitque
1708 5018 1845 5098 complu·
