5150 6367
1146 1033 1205 1075 nin.
1224 1034 1282 1075 1111.
1298 1035 1349 1078 7-8

757 1218 819 1261 non
840 1201 933 1262 innisa
955 1202 1032 1262 notis
1054 1220 1202 1262 marmora
1224 1200 1361 1280 publicis,

758 1328 814 1390 per
836 1327 912 1388 quae
935 1314 1058 1391 spiritns
1080 1319 1110 1371 et
1133 1314 1192 1372 uita
1215 1311 1401 1372 reditionis

758 1429 826 1500 post
848 1429 975 1483 mertem
997 1422 1132 1491 ducibus
1156 1441 1215 1482 nou
1239 1420 1353 1482 celeres
1375 1423 1462 1499 iugae

756 1533 945 1609 reiectaeque
966 1539 1133 1594 retrorsum
1156 1530 1327 1592 Hannibalis
1349 1534 1454 1601 minae,

756 1660 817 1703 non
840 1642 973 1703 incendia
997 1642 1181 1721 Carthaginis
1204 1643 1312 1722 impiae

757 1754 831 1822 eius,
855 1755 905 1831 qui
927 1753 1038 1814 domita
1061 1771 1168 1815 nemen
1191 1753 1227 1814 ab
1249 1753 1346 1814 Africa

756 1861 888 1926 lucratus
910 1863 1008 1933 rediit,
1033 1863 1141 1926 clarius
1163 1864 1293 1925 indicant

756 1971 868 2043 laudes,
892 1991 980 2053 quam
1003 1974 1144 2036 Calabrae
1166 1975 1314 2036 Pierides:
1338 1991 1446 2052 neque,

757 2083 923 2146 sichariae
946 2084 1052 2146 siieaut
1075 2085 1154 2162 quod
1177 2084 1393 2154 benefeceris,

756 2194 926 2256 mercedem
949 2194 1060 2257 tuleris.
1084 2195 1155 2273 quid
1178 2196 1257 2256 foret
1277 2194 1348 2256 liiae

757 2305 958 2384 Mauortisque
979 2323 1065 2387 puer,
1089 2308 1114 2367 si
1137 2308 1322 2367 taciturnitas

758 2414 891 2477 obstaret
911 2418 1026 2477 meritis
1049 2417 1148 2477 inuida
1172 2416 1309 2478 liornulii

757 2532 894 2606 ereptum
916 2527 1023 2608 Stygiis
1045 2525 1185 2588 ductibus
1206 2531 1334 2589 Aeacum

758 2636 854 2697 uirtus
876 2643 906 2696 et
927 2638 1013 2697 fauor
1035 2643 1065 2697 et
1086 2635 1186 2715 lingua
1208 2639 1375 2716 potentium

758 2754 858 2808 uatum
881 2747 1023 2808 diuitibus
1044 2754 1201 2809 consecrat
1222 2746 1337 2809 insulis.

758 2856 878 2936 dignum
901 2856 988 2920 laude
1009 2859 1106 2918 uirum
1130 2858 1213 2920 Musa
1236 2864 1317 2919 uetat
1339 2858 1424 2917 mori.

757 2966 837 3028 caelo
859 2968 942 3030 niusa
963 2967 1041 3029 beat.
1066 2969 1108 3030 sie
1130 2968 1210 3030 ionis
1231 2970 1356 3028 interest

758 3079 864 3158 optatis
886 3077 982 3160 epulis
1003 3080 1130 3158 impiger
1152 3077 1306 3147 Hercules,

757 3187 869 3251 clarum
890 3189 1077 3271 Tyndaridae
1098 3189 1181 3251 sidus
1202 3188 1239 3250 ab
1261 3190 1371 3249 infimis

757 3315 881 3377 quassas
903 3302 1034 3380 eripiunt
1055 3298 1236 3378 aequoribus
1258 3306 1348 3368 rates,

665 3607 876 3654 Tlss’fflotssd.

737 3708 772 3759 28
788 3706 942 3759 Hildebert.
960 3705 1056 3757 moral.
1075 3705 1174 3771 philon.
1192 3722 1219 3772 p.
1238 3708 1287 3757 992

661 3980 902 4028 vulnusculo.

755 4096 788 4149 1³
801 4092 910 4151 Publica
926 4091 1159 4168 de.opp.scd.y
1240 4112 1289 4150 uu.
1306 4095 1414 4146 14-17
1429 4094 1483 4148 del.
1500 4093 1613 4149 Peerik.
1701 4095 1811 4173 litier-

567 4211 571 4224 »
663 4196 724 4255 que
738 4178 765 4233 A
815 4196 863 4235 uu.
881 4181 912 4233 15
926 4183 1070 4236 non-19
1085 4179 1164 4235 rediit
1184 4180 1238 4235 det.
1262 4180 1466 4235 herimannas
1487 4178 1646 4235 dieinelrius
1665 4179 1812 4253 Hauptius

661 4263 784 4323 Peerld.
800 4262 944 4321 Linkerut
1030 4267 1062 4318 15
1078 4265 1174 4321 celeris
1189 4264 1252 4338 iuga
1267 4264 1339 4323 Aut
1426 4268 1458 4319 16
1480 4265 1610 4321 annabiiis
1626 4282 1641 4320 τ
1733 4285 1761 4322 a.
1780 4269 1810 4319 17

661 4350 721 4408 del.
739 4349 832 4406 Beati.
849 4347 1043 4406 Buttmaunue
1058 4344 1223 4426 [mytholog.
1237 4351 1258 4407 ii
1268 4367 1300 4422 p.
1316 4344 1382 4426 307]
1426 4352 1452 4406 in
1469 4351 1607 4424 dispendia
1622 4351 1652 4407 G.
1667 4350 1812 4407 Herman-

663 4449 724 4492 nus
819 4434 955 4509 impendia
972 4433 1187 4508 Ouninqtamus
1208 4435 1343 4509 stipendia
1358 4436 1515 4508 lldringius
1600 4437 1749 4509 kartaginis
1767 4437 1811 4509 By

664 4520 816 4595 cartaginis
830 4536 869 4576 m
968 4519 1072 4601 inpigt
1169 4521 1201 4572 19
1223 4520 1311 4577 clarus
1323 4522 1359 4576 Ar
1459 4524 1490 4574 21
1507 4521 1553 4577 Sic
1568 4529 1656 4576 artet
1680 4521 1725 4577 Sic
1736 4520 1812 4607 [rartg

667 4606 696 4662 B
760 4605 883 4682 chartey
905 4606 1036 4689 cartth
1059 4612 1148 4662 cartae
1163 4605 1232 4661 Facu
1310 4604 1413 4662 bonci
1486 4609 1519 4659 22
1541 4605 1692 4662 ilerceder
1777 4611 1811 4660 24

664 4692 816 4798 01111ῑά11
914 4728 948 4779 25
969 4725 1060 4799 stigiis
1074 4722 1179 4779 AFtw
1264 4741 1357 4780 cacum
1373 4741 1522 4794 nugatur.
1547 4741 1662 4798 aequum
1679 4725 1809 4781 Fruatur.

663 4807 771 4879 sedda
865 4811 899 4865 te
920 4825 1036 4884 pauore
1124 4827 1152 4865 u.
1168 4813 1201 4864 28
1216 4811 1270 4865 del.
1288 4810 1492 4866 Lacdnrannus
1508 4809 1655 4880 Hauptius
1671 4811 1721 4865 atii

663 4896 699 4949 21
712 4893 777 4952 (telo
791 4911 830 4950 ru
884 4963 887 4968 ἢ
910 4893 1035 4951 beatusr
1120 4898 1153 4949 30
1168 4896 1276 4969 inpiger
1287 4895 1331 4950 Fi
1353 4897 1494 4969 inpigaery
1580 4899 1608 4948 :u
1628 4895 1767 4969 tyndaride
1782 4895 1810 4954 λι

665 5003 800 5087 ennena
813 5003 842 5059 r
859 5003 992 5061 trutinae
1006 5021 1043 5061 :u
1129 5005 1212 5080 syrus
1226 5013 1253 5078 ψ
1338 5011 1371 5063 32
1386 4984 1515 5081 caprini,
1532 5022 1546 5060 a
1562 5006 1597 5061 ae
1613 5007 1661 5062 aa.
1678 5024 1715 5062 m.
1732 5007 1756 5062 A

664 5089 818 5166 equoribuc
832 5106 852 5145 u
