5150 6367
1244 998 1302 1036 xm

906 1168 954 1226 nis
969 1173 1089 1225 textum
1103 1165 1228 1243 signare
1249 1165 1353 1223 statui.
1391 1164 1504 1242 Itaque
1518 1167 1585 1222 Acr'.
1602 1171 1674 1222 snut
1695 1163 1843 1242 interpre-

904 1270 1038 1328 tationes
1054 1265 1149 1326 schol.
1166 1268 1199 1337 A,
1217 1268 1266 1324 Ae.
1282 1275 1386 1326 auteur
1401 1266 1544 1324 lemmata
1559 1264 1653 1325 schol.
1669 1268 1703 1323 A.

904 1402 1024 1463 Eadem
1039 1401 1079 1461 de
1095 1422 1187 1462 causa
1203 1399 1285 1481 apud
1302 1402 1552 1482 Porphyrionem
1568 1400 1842 1481 interpretationes

907 1520 937 1566 et
951 1506 1096 1565 lemmata
1112 1503 1248 1563 distinxi.
1364 1503 1367 1509 '

725 1642 1175 1721 Poma-:interpretationes
1212 1638 1326 1700 codicis
1355 1640 1551 1701 Monacensis
1580 1640 1648 1699 Lat.
1680 1644 1725 1695 181
1764 1659 1842 1700 saec.

906 1744 1103 1816 VIIII-X,
1138 1744 1210 1817 Pph.
1231 1740 1432 1801 :eiusdem
1459 1741 1528 1804 libri
1557 1741 1707 1801 lemmata
1751 1742 1845 1801 Hunc

907 1847 1030 1906 maximi
1056 1846 1201 1904 momenti
1224 1844 1360 1903 codicem
1389 1845 1455 1923 ipse
1481 1843 1611 1902 contuli:
1640 1853 1676 1902 ut
1696 1844 1768 1903 mihi
1790 1864 1846 1921 per

908 1946 1089 2008 arancvu
1103 1932 1846 2018 rcrsneuvurrbnuuavuarmm«tociens

909 2072 944 2110 ac
958 2048 1143 2109 liberalitate
1160 2051 1276 2128 pariter
1292 2047 1508 2122 excellentem,
1525 2047 1714 2119 traderetur,
1732 2047 1845 2106 factum

908 2161 973 2212 erat
987 2150 1142 2210 PATRIS
1158 2150 1305 2210 carissimi
1321 2150 1504 2231 professoris
1517 2149 1725 2228 Tubingensis
1742 2142 1844 2229 opera,

906 2256 958 2335 qui
975 2262 1006 2312 et
1020 2252 1107 2312 libris
1123 2250 1325 2333 procurandis
1346 2261 1377 2312 et
1392 2250 1708 2313 commendationibus
1725 2250 1845 2312 labores

905 2366 1026 2419 nostros
1039 2356 1204 2433 plurimum
1218 2353 1347 2414 adiuuit.
1369 2356 1535 2415 Praeterea
1547 2354 1678 2414 contulit
1690 2353 1845 2413 Holderus

905 2460 1014 2531 scholia
1035 2460 1163 2515 codicum
1184 2457 1243 2533 γλφ
1272 2467 1303 2517 et
1323 2461 1528 2531 expositionem
1549 2461 1694 2514 metricam
1716 2458 1805 2514 schol.
1828 2476 1846 2532 γ

908 2559 1013 2640 (quam
1029 2568 1060 2619 et
1075 2561 1140 2638 ipse
1157 2558 1360 2636 contuleram)
1379 2570 1409 2620 et
1422 2563 1565 2633 flon'lepia
1579 2561 1717 2617 Parisr'ao
1732 2562 1797 2617 duo.

789 2711 1022 2794 Congessirnus
1058 2709 1156 2772 etiarn
1190 2730 1264 2772 cum
1293 2706 1431 2772 aliorum
1464 2709 1749 2792 granrmatieorurn
1776 2717 1846 2772 turn

704 2821 812 2885 Seruii
834 2820 1038 2900 testimonia,
1067 2820 1158 2882 euius
1182 2818 1336 2883 lectiones
1360 2818 1536 2883 leuioribus
1564 2817 1643 2883 locis
1667 2816 1846 2883 secuudum

704 2929 920 2997 THILONIS
944 2929 1134 2995 collationes
1151 2929 1385 2995 humanissime
1407 2928 1487 2993 mihi
1509 2929 1762 2995 communicatas
1779 2928 1846 2992 lau·

707 3040 796 3106 darii.

789 3151 881 3216 Inter
902 3150 978 3234 hos,
1008 3174 1088 3238 quos
1111 3152 1307 3231 rneruoraui,
1337 3163 1487 3218 auctores
1511 3175 1589 3239 prae
1611 3152 1726 3216 ceteris
1749 3150 1847 3214 fidem

706 3262 915 3327 tribuendam
939 3285 1010 3325 esse
1033 3262 1112 3325 dclxi
1142 3262 1311 3328 codicibus
1333 3284 1415 3344 yae,
1444 3262 1676 3348 Porphyrioni,
1705 3260 1847 3325 Pseudo·

706 3373 816 3437 aeroni
847 3383 880 3436 et
902 3372 1102 3458 expositioni
1125 3371 1173 3434 illi
1203 3373 1373 3466 histrione,
1403 3372 1461 3435 sed
1483 3372 1544 3436 hac
1572 3372 1612 3436 de
1640 3395 1675 3435 re
1703 3371 1780 3435 uide
1803 3371 1847 3433 sis

706 3483 944 3570 praefationem
978 3481 1132 3563 alteram,
1169 3505 1252 3575 quae
1287 3483 1481 3547 tiernranice
1515 3484 1637 3568 scripta
1671 3482 1704 3545 iu
1722 3496 1848 3546 'nruseo

709 3594 865 3658 Rhenauo
899 3603 999 3659 extat.
1046 3592 1174 3657 [bidem
1209 3616 1266 3656 cur
1299 3616 1419 3677 parroas
1452 3593 1549 3656 morlo
1584 3594 1787 3657 coniecturas
1817 3592 1849 3655 iu

707 3715 852 3786 textum,
905 3704 1061 3790 plurimas
1104 3727 1144 3765 ne
1187 3704 1220 3766 in
1259 3715 1453 3789 apparatum
1493 3703 1624 3790 qrridcru
1661 3705 1849 3790 receperim,

710 3814 977 3903 interpolationes
1005 3826 1115 3881 autem
1145 3813 1251 3878 nullas
1281 3814 1468 3895 statuerim,
1503 3813 1726 3879 derrrorrstrare
1755 3836 1848 3877 conav-

708 3937 760 3989 tus
783 3948 867 3991 sunr.

790 4036 843 4100 De
867 4036 1101 4121 orthographia
1123 4059 1199 4100 uero
1222 4035 1347 4122 aliquid
1370 4034 1491 4100 addere
1514 4046 1640 4099 tanturn
1663 4057 1728 4099 nou
1750 4034 1849 4119 piget.

708 4144 792 4232 Nam
814 4146 956 4232 primurn
980 4146 1111 4232 quidem
1135 4147 1335 4233 antiquiores
1359 4146 1487 4211 codices
1506 4150 1590 4224 aar,
1614 4169 1693 4231 quos
1717 4146 1749 4208 in
1773 4146 1850 4208 scri-

709 4256 823 4320 bendis
862 4257 975 4320 uerbis
1009 4279 1029 4319 a
1067 4256 1319 4320 scholiastaruru
1354 4257 1536 4321 rationibus
1570 4257 1676 4320 ruinas
1711 4255 1851 4342 pendere

708 4387 943 4450 cognouerarn,
971 4367 1094 4454 ubique
1120 4367 1199 4431 mihi
1227 4390 1462 4453 proposueram
1492 4368 1600 4453 sequi:
1631 4367 1687 4430 sed
1717 4389 1789 4429 curu
1817 4365 1850 4427 hi

708 4476 769 4561 ipsi
797 4499 906 4541 secum
935 4499 1051 4564 parum
1085 4488 1287 4557 constarent,
1321 4501 1362 4541 uo
1395 4477 1474 4540 rrrihi
1509 4478 1638 4562 quidem
1673 4476 1849 4561 perfectam

709 4586 947 4671 quodammodo
970 4589 1185 4652 constantiam
1202 4588 1293 4653 licuit
1316 4610 1457 4651 serruue.
1495 4588 1624 4651 Iloinde
1647 4609 1701 4650 cas
1717 4588 1850 4669 formas,

708 4718 791 4782 quae
814 4698 964 4784 quamuis
995 4697 1072 4762 olim
1100 4708 1186 4762 certo
1209 4699 1337 4762 Latinis
1369 4699 1509 4763 usitatae
1533 4710 1567 4762 ut
1598 4697 1725 4782 penitus
1749 4698 1850 4762 extin-

707 4817 887 4891 guerentur
908 4808 1061 4874 librarios
1085 4830 1215 4895 operam
1239 4809 1369 4873 dedisse
1393 4809 1472 4890 uidi,
1496 4809 1617 4895 ubique
1633 4808 1850 4872 restituendas

708 4940 780 4982 esse
803 4918 927 4981 censui.
965 4920 1115 5005 Denique
1138 4920 1294 5006 quicquid
1310 4919 1507 4984 Ilitschelius
1524 4918 1757 4982 Fleckeiseuus
1775 4918 1850 4984 Rib-

707 5025 848 5092 bcchius
871 5028 926 5092 alii
949 5031 1135 5116 irriperriure
1158 5031 1191 5092 iu
1216 5029 1448 5115 orthographia
1475 5030 1700 5115 proiecerunt,
1737 5032 1768 5091 iu
1792 5029 1852 5094 hac
