5150 6367
1145 1749 1185 1832 o.
1201 1746 1379 1814 nouum
1400 1744 1566 1813 ruuocr

937 1954 1259 2055 CARMEN
1304 1951 1764 2053 SAECVLARE

869 2377 1004 2491 Phoebe
1026 2423 1227 2502 siluarumque
1248 2431 1356 2504 potens
1378 2423 1478 2492 Diana,

870 2536 1000 2597 lucidum
1023 2535 1098 2597 caeli
1120 2535 1220 2605 decus,
1245 2553 1262 2595 o
1285 2534 1404 2595 colendi

871 2665 990 2726 semper
1013 2654 1043 2707 el
1065 2645 1145 2717 culti,
1170 2646 1237 2707 date
1260 2662 1336 2724 quae
1357 2662 1517 2725 precamur

913 2764 1049 2835 tempore
1071 2775 1167 2827 sacro,

873 2885 931 2945 quo
955 2865 1091 2947 Sibyllini
1112 2884 1256 2927 monuere
1278 2884 1387 2927 uersus

872 2977 1004 3054 uirgines
1025 2975 1117 3037 lectas
1138 2993 1308 3055 puerosque
1331 2983 1428 3038 castos

872 3085 927 3155 dio,
953 3069 1060 3162 quihus
1082 3093 1198 3165 sepiem
1220 3086 1360 3166 placuere
1382 3085 1483 3155 colles,

916 3195 1016 3256 dicere
1039 3213 1168 3257 carmen.

873 3306 950 3369 alme
973 3305 1033 3376 Sol,
1058 3325 1149 3368 curru
1172 3307 1264 3368 nitido
1287 3308 1365 3369 diem
1389 3308 1439 3386 qui

678 3591 682 3598 =
790 3564 991 3609 TESTIMONIA.

859 3653 1129 3705 Carmensaeeulare
1140 3659 1190 3706 eta
1204 3654 1347 3706 codicibus
1357 3670 1441 3705 manu
1453 3655 1564 3721 scriptio
1575 3658 1603 3705 et
1613 3670 1630 3704 a
1643 3654 1785 3705 ueteribus
1793 3668 1931 3720 gramme·

790 3723 854 3773 licis
866 3728 928 3789 pout
948 3722 1048 3773 librum
1067 3722 1173 3788 epodon
1191 3725 1304 3788 ponitur
1366 3724 1432 3772 1-4
1450 3738 1553 3788 praem.
1573 3725 1690 3773 ‘armate
1708 3737 1741 3772 eo
1759 3736 1812 3786 quo
1830 3722 1932 3773 scribi-

773 3789 835 3841 ‘lur
853 3806 964 3841 carmen
982 3791 1109 3842 seculare
1128 3791 1205 3841 euius
1228 3792 1346 3841 initium’
1369 3792 1504 3844 Victoria.
1522 3790 1555 3842 de
1580 3794 1656 3841 meir.
1675 3790 1743 3840 Hor,
1761 3792 1829 3839 2620

792 3861 806 3909 1
825 3875 929 3925 praem.
949 3858 987 3908 ‘hi
1003 3874 1109 3921 versus,
1128 3859 1176 3922 qui
1188 3874 1300 3909 carmen
1318 3859 1464 3910 saeculare
1480 3859 1666 3923 appellentur,
1685 3857 1854 3923 Supphieum
1873 3872 1930 3908 me·

789 3931 862 3977 trum
880 3927 1003 3979 habent.
1019 3967 1024 3978 .
1038 3928 1054 3981 .'
1072 3926 1197 3977 Diomed.
1217 3929 1267 3977 529
1335 3929 1351 3976 2
1370 3927 1406 3980 ef.
1420 3927 1517 3978 Senec.
1536 3924 1649 3992 Hippol.
1667 3928 1717 3975 409
1735 3940 1776 3989 oq.
1788 3924 1823 3975 de
1837 3925 1933 3974 Diana

792 3998 817 4044 ‘0
835 4010 936 4059 magne
955 3994 1042 4044 siluae
1060 3995 1132 4044 iuter
1149 3999 1177 4044 et
1193 3994 1271 4046 lucos
1289 3994 1342 4044 dea
1360 3994 1519 4059 clarumque
1539 3994 1611 4044 caeli
1629 3992 1704 4043 sidus
1723 3998 1751 4042 et
1775 3992 1865 4043 noctis
1885 3991 1933 4043 de·

792 4064 848 4111 eue'
862 4062 897 4112 id.
917 4061 1013 4127 Oedip.
1025 4064 1089 4113 404:
1109 4060 1239 4112 ‘lucidum
1249 4061 1322 4113 caeli
1334 4062 1428 4113 decus*
1446 4062 1484 4115 id.
1497 4063 1579 4113 Here.
1593 4063 1645 4113 fur.
1659 4063 1722 4112 592:
1742 4060 1826 4111 ‘coeli
1837 4060 1933 4111 decus'

790 4304 887 4347 vuum
902 4304 1025 4346 uuorro.
1101 4281 1105 4290 '

878 4406 1043 4482 l·hoel›ey
1064 4406 1154 4463 Foebe
1169 4407 1253 4463 AAe.
1276 4406 1403 4490 Plrploou
1515 4412 1531 4460 2
1552 4406 1603 4462 coli
1619 4404 1664 4461 Al
1771 4409 1788 4457 4
1809 4413 1934 4479 tempore

792 4494 883 4566 prisco
905 4492 1014 4564 Porplr.
1036 4507 1110 4564 quae
1131 4493 1212 4549 lectio
1233 4498 1298 4549 orta
1318 4499 1361 4546 est
1380 4507 1419 4547 ex
1434 4507 1458 4547 c.
1474 4489 1518 4546 llll
1539 4497 1569 4553 2,
1591 4494 1637 4547 40:
1668 4498 1790 4563 tempora
1810 4491 1933 4564 priscum

877 4595 924 4634 uu.
941 4580 1017 4632 5-8
1032 4579 1085 4634 dcl.
1102 4576 1216 4633 Peertlc.
1308 4581 1329 4630 5·
1346 4576 1405 4645 Quo
1425 4570 1686 4650 mruprzpcdpnpro
1703 4575 1794 4632 Orelli
1806 4572 1832 4647 c)
1856 4570 1935 4649 (inde

792 4670 862 4719 nata
879 4662 948 4717 milri
961 4664 1077 4719 uidetur
1096 4664 1297 4733 interpretatio
1318 4661 1397 4735 celuy
1429 4656 1536 4738 Quod]
1552 4677 1591 4717 re.
1614 4655 1756 4731 tempus';
1783 4662 1934 4732 corripen-

792 4750 859 4805 dum
874 4749 948 4804 enim
964 4762 1026 4804 erce
1039 4754 1124 4818 puto:
1139 4741 1214 4822 Quo]
1230 4745 1415 4818 cotempore)
1428 4764 1526 4803 comm.
1539 4745 1585 4802 Cr.
1601 4745 1676 4814 Quos
1691 4741 1936 4818 leppuar.)Acr.

793 4833 870 4901 Quod
885 4832 980 4889 Aule
990 4827 1489 4904 V[stiland]ppidrpcorr..trpent.
1505 4830 1549 4902 II)
1573 4826 1684 4904 Quody
1706 4847 1761 4904 quo
1777 4838 1805 4885 et
1821 4827 1935 4884 Hama-

792 4918 863 4973 clrer
948 4917 1070 4990 sybilliui
1086 4926 1149 4989 dupe
1173 4916 1285 4973 sibilliui
1309 4916 1390 4990 Aylu
1412 4916 1560 4973 sibelliuic
1583 4914 1673 4989 sybilli
1690 4931 1723 4987 φι
1825 4913 1936 4970 Gletes

776 5000 810 5086 ,λ
831 5001 916 5057 laetus
932 4998 989 5075 χ(β)
1075 5000 1192 5057 uniet
1213 5002 1257 5057 llic
1272 5017 1295 5056 π
1315 5002 1369 5058 iliis
1383 5019 1418 5076 γε
