5150 6367
1165 1029 1340 1071 reserante
1806 1038 1824 1078 v

677 1195 783 1254 codice
807 1199 833 1253 B
855 1197 1008 1256 consentit
1031 1198 1086 1269 ita,
1112 1208 1145 1258 ιιι
1168 1199 1252 1257 nullo
1269 1221 1368 1278 paene
1391 1203 1514 1279 negotio
1530 1204 1688 1282 utriusque
1712 1204 1824 1263 codicis

675 1295 755 1355 liber
772 1297 956 1379 archetypus
971 1300 1108 1359 construi
1124 1307 1154 1359 et
1170 1296 1207 1357 B'
1221 1309 1296 1360 nota
1319 1301 1449 1362 describi
1473 1304 1622 1382 potnerit,
1647 1305 1705 1363 nisi
1729 1305 1822 1364 uariis
1836 1286 1974 1389 ¹l2'3‘ssuss‘ss⁰'

676 1397 796 1457 mendis
818 1417 897 1477 quae
925 1399 1041 1459 librarii
1064 1401 1202 1460 codicum
1227 1404 1306 1459 Bet
1330 1406 1352 1452 ι’
1372 1424 1428 1483 pro
1456 1423 1488 1463 se
1517 1405 1647 1483 quisque
1672 1406 1820 1478 lecerunt,

675 1500 733 1558 hoc
755 1502 945 1579 propositum
967 1509 1002 1560 nt
1024 1501 1061 1560 ab
1085 1522 1141 1561 usn
1165 1502 1298 1562 alienum
1322 1503 1517 1583 inprobatnrn
1545 1514 1636 1565 esset.
1681 1508 1741 1566 uisi
1764 1528 1821 1566 nos

675 1601 779 1659 omnia
800 1602 927 1675 fallunt,
956 1601 1035 1661 liber
1062 1604 1247 1683 archetypus
1271 1601 1307 1660 B‘
1330 1607 1383 1684 qui
1406 1608 1442 1684 jn
1470 1607 1543 1664 artis
1566 1608 1706 1683 ponticae
1729 1626 1820 1667 uersu

674 1702 739 1762 440
761 1702 889 1776 defecit,
912 1703 1023 1763 litteris
1045 1704 1217 1764 uncialibus
1240 1706 1271 1764 in
1295 1707 1419 1765 modum
1441 1708 1507 1766 noti
1531 1707 1613 1766 illius
1636 1707 1821 1767 Salmasiaui

674 1804 789 1863 codicia
812 1806 940 1883 scriptus
964 1814 1038 1868 crat.

759 1906 808 1965 Ad
831 1908 913 1965 tertii
937 1908 1060 1983 generis
1082 1907 1203 1967 codices
1226 1909 1381 1987 principes
1405 1910 1465 1968 duo
1488 1910 1562 1968 satis
1580 1912 1696 1970 uetusti
1718 1931 1819 1971 acces·

672 2016 780 2067 serunt
801 2006 847 2066 hi:
873 2005 904 2084 1)
929 2027 1063 2067 conexus
1086 2027 1153 2068 curn
1177 2008 1317 2068 Parisino
1341 2011 1357 2066 λ
1380 2011 1516 2070 eiusdem
1539 2012 1647 2070 aetatis
1667 2008 1817 2089 (ineuntis
1844 2020 1940 2063 τούπὶ

671 2110 786 2168 saeculi
809 2091 854 2185 X)
879 2118 910 2167 et
932 2110 1080 2169 oriundus
1104 2110 1286 2169 ecoonolrio
1304 2112 1520 2172 Bellouacensi
1537 2113 1698 2171 Leitlensis
1721 2113 1819 2172 codex

671 2216 682 2268 l
704 2236 746 2259 =
773 2210 842 2269 Lat.
870 2210 944 2270 bibl.
974 2210 1057 2290 publ.
1082 2232 1129 2270 nr.
1153 2213 1208 2284 28,
1239 2233 1331 2291 quem
1358 2215 1523 2273 coniuncta
1551 2214 1757 2292 Pluygerai
1787 2227 1817 2274 et
1843 2227 1936 2266 toln!

670 2313 729 2371 Du
757 2313 869 2371 Rieui
892 2310 1084 2390 benignitate
1113 2314 1225 2385 adiuti,
1257 2315 1328 2373 dnm
1352 2316 1383 2372 in
1411 2315 1537 2374 Batauis
1558 2314 1713 2394 degimus,
1738 2316 1819 2376 domi

671 2413 813 2473 conferre
840 2413 935 2473 licuit.
979 2412 1029 2472 hic
1056 2415 1153 2474 codex
1180 2425 1302 2494 practer
1330 2416 1590 2475 lnetnstissirnns
1619 2436 1737 2490 eornm,
1766 2420 1819 2497 qui

670 2514 805 2573 Mauorti
826 2513 1081 2593 subscriptionem
1105 2516 1235 2592 habent,
1266 2518 1390 2576 omnino
1418 2516 1496 2575 adeo
1525 2537 1591 2575 cum
1615 2517 1631 2572 λ
1653 2521 1816 2593 consentit,

669 2625 704 2674 ut
726 2616 819 2695 longe
847 2616 985 2695 plurimis
1014 2615 1089 2675 locis
1114 2617 1173 2676 dno
1197 2618 1318 2677 codices
1347 2638 1409 2676 nno
1438 2619 1526 2697 signo
1550 2615 1574 2673 λ’
1597 2620 1815 2698 comprehendi

669 2717 839 2797 potuerint.
884 2717 936 2794 qui
959 2716 1037 2776 liber
1059 2714 1084 2774 λ’
1108 2719 1227 2795 etipse
1251 2719 1502 2796 l'rancogallions
1526 2728 1634 2778 octauo
1661 2720 1727 2779 fere
1750 2740 1814 2781 sao·
1830 2705 1969 2810 ¹‘,'',¹',‘,„}‘⁰,l⁰'

669 2819 739 2879 culo
761 2818 944 2879 tribuendus
972 2837 1040 2877 esso
1067 2818 1225 2891 uideatur,
1255 2839 1322 2878 cum
1351 2832 1381 2878 ct
1410 2821 1424 2875 t
1454 2829 1484 2879 ct
1512 2826 1522 2878 l
1546 2822 1673 2880 ineunte
1697 2822 1815 2881 decimo

668 2920 793 2980 sacculo
816 2920 933 2980 exarati
956 2921 1028 2979 sint.
1063 2920 1095 2996 2)
1119 2931 1279 2997 praeterea
1295 2921 1466 3000 accepimns
1487 2922 1600 2981 librum
1615 2922 1816 3002 archetypum

669 3022 710 3083 eo
732 3020 856 3082 modum
878 3022 1011 3081 anticum
1034 3041 1072 3081 ex
1094 3021 1352 3081 concordantibus
1374 3022 1557 3082 lectionibus
1586 3024 1724 3083 coelicum
1746 3023 1763 3081 ὁ
1785 3035 1816 3085 et

668 3129 697 3185 d.
742 3120 822 3179 d=
844 3123 942 3182 codex
964 3123 1151 3182 Ilarleianus
1175 3124 1257 3181 ‘2725
1281 3123 1353 3182 olim
1377 3144 1415 3182 cx
1436 3122 1521 3183 libris
1538 3125 1664 3184 Ioannis
1687 3125 1814 3204 Georgii
1844 3132 1941 3177 sonos

669 3224 796 3285 Graouii
818 3225 1000 3304 professoris
1015 3225 1227 3292 Vltraiectani,
1252 3226 1368 3285 saeculi
1386 3210 1593 3303 Vnst-X,
1619 3231 1696 3285 d=
1719 3228 1815 3287 codex
1846 3238 1944 3277 contrad

668 3326 855 3386 Ilarleianns
884 3327 966 3385 2688
994 3327 1108 3386 sacculi
1131 3309 1318 3386 tTll‘n-X'.
1362 3338 1525 3407 utrumqne
1555 3330 1612 3406 ipsi
1648 3330 1679 3388 in
1709 3349 1814 3389 museo

667 3428 849 3487 Britannico
872 3427 1020 3486 Londinii
1043 3429 1226 3487 contulimus
1248 3430 1307 3502 ita,
1337 3432 1453 3489 utiam
1476 3450 1553 3502 non,
1584 3430 1666 3508 quod
1690 3431 1814 3509 quidem

668 3531 701 3588 in
715 3529 872 3589 uolumine
888 3531 984 3608 primo
1000 3531 1142 3601 fecimus,
1168 3530 1224 3590 niti
1246 3551 1322 3609 opus
1339 3540 1420 3589 esset
1436 3531 1611 3590 conlatione
1628 3531 1681 3590 illa
1698 3531 1814 3591 Brouk-

668 3630 799 3690 husiana
816 3629 868 3708 (cf.
885 3632 981 3709 prael.
998 3632 1059 3690 uol.
1077 3632 1092 3690 Ι
1108 3652 1137 3710 p.
1154 3632 1226 3709 XI),
1250 3651 1330 3710 qnae
1354 3631 1452 3691 minus
1476 3641 1617 3692 accurata
1641 3642 1706 3692 erat
1721 3653 1813 3711 qnam

668 3731 929 3792 desiderabamus.
973 3732 1030 3792 hac
1059 3743 1160 3791 autem
1189 3735 1349 3792 occasione
1372 3734 1579 3793 reuocandum
1606 3734 1757 3811 estquod
1780 3735 1811 3792 in

667 3833 721 3892 illa
744 3835 937 3912 praefatione
964 3834 1077 3893 dictum
1099 3843 1178 3906 erat,
1207 3834 1394 3892 Broukhusii
1424 3834 1630 3892 conlationem
1659 3854 1721 3892 non
1745 3855 1813 3893 esse

668 3938 735 3995 eius
758 3936 870 3995 codicis
893 3954 985 4015 quem
1008 3934 1218 3995 Graecianum
1242 3936 1273 3993 in
1297 3934 1425 3993 Horatio
1449 3954 1468 3990 a
1489 3955 1522 3993 se
1546 3935 1628 3993 edito
1652 3934 1812 3995 Bentleins

666 4045 834 4117 nuncupet.
880 4039 970 4097 immo
999 4057 1073 4097 uero
1103 4050 1133 4095 et
1156 4035 1278 4095 Bentlei
1309 4036 1346 4094 de
1370 4035 1546 4095 Graeciano
1576 4044 1606 4094 et
1628 4036 1812 4099 Broukhusii

666 4139 707 4199 de
729 4139 834 4199 codice
857 4138 895 4199 ab
918 4140 985 4217 ipso
1009 4160 1073 4196 non
1096 4139 1252 4197 nominato
1276 4139 1468 4197 narrationes
1498 4157 1534 4195 ex
1556 4156 1619 4195 uno
1642 4138 1812 4215 eodemque

664 4241 753 4301 sonte
776 4240 971 4311 deriuantnr,
997 4240 1077 4299 idest
1099 4259 1138 4298 ex
1160 4250 1264 4299 nostro
1287 4239 1393 4298 codice
1416 4237 1432 4294 d
1454 4241 1486 4297 in
1509 4238 1708 4317 bybliotheca
1731 4240 1810 4297 Lon-

663 4342 801 4402 diuiensi
823 4361 916 4421 qnam
938 4342 1068 4400 maxima
1093 4341 1254 4421 diligentia
1276 4363 1294 4399 a
1323 4341 1475 4400 nobismet
1501 4342 1631 4403 conlato.
1678 4342 1810 4399 dubitari

661 4463 739 4503 saue
767 4451 889 4522 poterat
917 4463 990 4502 num
1023 4442 1156 4502 eundem
1183 4442 1397 4502 Broukhusins
1426 4450 1456 4501 et
1487 4443 1644 4502 Bentleins
1676 4442 1812 4501 codicem

660 4555 845 4606 enarrantes
869 4545 1022 4620 dicerent3
1047 4544 1183 4622 quicum
1205 4564 1287 4603 more
1304 4545 1351 4603 sui
1373 4546 1519 4622 temporis
1535 4565 1597 4602 non
1614 4563 1651 4602 ea
1673 4543 1812 4603 adhibita

660 4647 828 4726 diligentia
850 4666 929 4725 quac
953 4667 1035 4705 nnnc
1058 4665 1114 4704 nec
1143 4645 1293 4704 immerito
1318 4646 1481 4723 requiritur
1509 4645 1629 4704 codices
1656 4645 1810 4704 examina-

658 4757 748 4819 rent,
773 4747 886 4807 accidit
907 4759 940 4807 ut
955 4748 1045 4807 modo
1060 4747 1184 4806 Bentlei
1207 4747 1298 4805 modo
1315 4747 1500 4805 Broukhusii
1525 4747 1615 4824 culpa
1638 4766 1700 4803 non
1717 4745 1810 4806 nullis

655 4851 737 4912 locis
759 4849 885 4908 minime
907 4850 988 4909 inter
1014 4870 1048 4908 sc
1070 4848 1291 4908 consentirent.
1337 4868 1403 4906 cum
1432 4847 1537 4907 codice
1561 4855 1708 4925 utsupra
1732 4847 1809 4905 dixi·

654 4971 727 5014 mus
743 4952 824 5011 alius
840 4950 977 5011 eiusdem
992 4949 1208 5030 bybliothecae
1223 4949 1321 5008 codex
1336 4948 1375 5007 ad
1391 4947 1518 5008 uerbum
1534 4949 1698 5009 consentit.
1723 4949 1809 5008 nido·

652 5067 710 5117 tur
738 5073 777 5112 ex
815 5051 938 5112 sacculo
966 5053 1064 5113 VllII
1093 5060 1226 5111 extremo
1255 5051 1406 5127 celginem
1438 5049 1569 5113 trahere.
1619 5050 1702 5128 qnod
1734 5071 1809 5111 sane
