5150 6367
872 1199 887 1236 r
904 1208 937 1227 =
958 1181 1047 1236 codex
1064 1179 1206 1235 Parisinus
1224 1185 1292 1236 eale
1310 1141 1415 1235 saeculi
1433 1179 1480 1233 Xl.

869 1285 936 1321 o=
955 1266 1043 1321 codex
1061 1265 1204 1320 Parisinus
1221 1271 1289 1321 8213
1308 1263 1414 1319 saeculi
1431 1263 1506 1318 Xlll.

863 1351 888 1404 V
904 1377 937 1397 =
956 1351 1045 1407 codex
1063 1350 1229 1406 Blandinius
1247 1350 1298 1418 qui
1315 1348 1418 1404 dieitur
1435 1347 1650 1403 uetustissimus.

869 1453 888 1506 y
905 1461 938 1481 =
956 1435 1084 1491 codicum
1102 1435 1221 1490 aliorum
1239 1437 1326 1503 atque
1347 1438 1374 1489 a
1393 1450 1410 1493 ς
1428 1436 1479 1488 aut
1495 1432 1599 1502 singuli
1616 1434 1668 1487 aut
1684 1433 1820 1488 nonnulli.

865 1543 887 1576 ω
904 1547 938 1567 --
957 1520 1114 1576 editionum
1132 1521 1197 1576 ante
1215 1519 1371 1587 Oraquium
1388 1520 1438 1573 aut
1456 1518 1584 1588 singulae
1603 1521 1653 1574 aut
1670 1519 1833 1574 nonnullae.

773 1601 887 1675 Porpls.'
904 1632 938 1653 =
956 1606 1029 1660 liber
1047 1605 1218 1676 archetypus
1235 1603 1502 1674 interpretationum
1519 1604 1623 1672 Pereia
1641 1605 1672 1659 et
1688 1604 1769 1671 Pers.

914 1692 1019 1760 Porpls.
1036 1716 1070 1737 =
1093 1690 1341 1760 interpretationes
1365 1688 1469 1744 oodicis
1491 1688 1665 1744 Monacensis
1687 1688 1747 1744 Lat.
1769 1694 1815 1744 181
1838 1705 1911 1744 saec.

914 1862 996 1928 Pers.
1021 1886 1055 1907 a
1085 1861 1334 1930 interpretationes
1365 1859 1469 1915 eodieis
1500 1856 1756 1915 Wolfenbuttelaui
1787 1855 1910 1912 Gudiani

999 1945 1059 2001 aaa
1077 1952 1110 2001 85
1128 1945 1234 2002 saeculi
1251 1946 1341 2001 Xllll.

804 2025 885 2099 Ppls'.
902 2057 936 2076 =
954 2030 1091 2086 lemmata
1106 2031 1178 2100 Ppa.
1197 2031 1226 2086 et
1242 2032 1291 2098 ΡΙ.
1309 2031 1383 2086 inter
1400 2047 1430 2086 se
1448 2027 1641 2100 congruentia.

965 2116 1036 2185 Ppls.
1055 2122 1082 2172 et
1098 2116 1147 2184 ΡΙ.
1164 2139 1200 2164 =
1216 2116 1483 2186 interpretationum
1494 2115 1600 2184 Porpls.
1618 2117 1648 2171 et
1665 2113 1746 2181 Pers.
1764 2113 1908 2170 lemmata

821 2201 889 2258 Aer.
907 2225 941 2247 =
958 2200 1205 2272 interpretationes
1222 2202 1452 2257 Pseudoacronia

838 2286 888 2342 Ae.
907 2310 941 2335 =
959 2286 1095 2342 lemmata
1111 2286 1332 2342 Pseudoaeronis
1350 2287 1423 2356 (eod.
1441 2289 1477 2354 ν).
1515 2343 1519 2352 ,

761 2371 842 2426 selsel.
861 2377 888 2428 Γ
903 2398 936 2418 =
954 2389 990 2428 ea
1014 2373 1123 2428 scholia
1147 2371 1318 2442 marginalia
1343 2388 1417 2440 quae
1442 2388 1499 2427 non
1525 2372 1562 2426 ad
1588 2371 1638 2426 Ae.
1665 2371 1731 2428 Aer.
1759 2369 1911 2440 pertinent,

968 2459 1153 2514 ueruntamen
1165 2474 1219 2513 non
1233 2457 1324 2512 solum
1337 2455 1365 2510 in
1378 2457 1439 2512 eod.
1451 2477 1484 2534 y,
1503 2455 1553 2512 aad
1570 2455 1599 2510 in
1618 2454 1680 2510 aliis
1698 2472 1810 2524 quoque
1829 2455 1910 2511 libris

965 2542 1181 2613 manuscriptis,
1196 2541 1267 2596 utin
1280 2561 1297 2599 r
1311 2543 1456 2613 Balabery.
1479 2541 1596 2598 Beroia
1615 2541 1778 2609 Francken,
1791 2541 1908 2610 passim-

967 2645 1022 2695 que
1041 2627 1127 2683 etiam
1144 2627 1174 2681 in
1192 2627 1253 2682 eod.
1271 2647 1288 2681 v
1305 2626 1493 2697 reperiuntur.

770 2713 849 2782 elesa.
870 2722 896 2772 Γ
911 2738 944 2758 =
963 2729 998 2768 ea
1018 2711 1126 2767 scholia
1146 2711 1340 2768 interlinearia
1366 2729 1439 2781 quae
1461 2729 1517 2766 non
1539 2713 1651 2767 tantum
1672 2712 1702 2766 in
1725 2712 1786 2768 eod.
1808 2733 1835 2783 y,
1859 2713 1909 2768 sed

967 2797 1053 2853 etiam
1071 2797 1100 2851 in
1119 2796 1194 2863 aliis,
1212 2799 1245 2852 ut
1261 2797 1291 2851 iu
1309 2798 1340 2852 E
1354 2815 1373 2852 a
1390 2798 1534 2867 Bersabora.
1563 2796 1681 2854 Beroia.
1717 2799 1823 2853 extant

763 2887 873 2936 tractat.
895 2882 1013 2938 Visulae.
1030 2904 1063 2926 =
1081 2882 1219 2935 tractatus
1237 2880 1463 2938 vindobonensis
1485 2881 1520 2938 do
1538 2884 1599 2938 erte
1622 2882 1736 2951 poetica
1753 2900 1794 2938 nr.
1812 2881 1909 2939 CXLV

1000 2965 1106 3022 saeculi
1123 2965 1156 3020 X.
