5150 6367
1151 1050 1212 1092 LIB·
1229 1052 1274 1091 111.
1291 1053 1316 1096 u

749 1216 819 1296 qnid
842 1217 923 1297 teges
946 1220 1010 1281 sine
1031 1218 1165 1280 moribus

790 1347 884 1390 uanae
906 1330 1074 1408 proficiunt,
1098 1331 1123 1390 si
1145 1346 1244 1407 neque
1265 1329 1390 1390 ieruidis

748 1456 817 1517 pars
838 1439 950 1501 inclusa
974 1438 1123 1501 caloribus

790 1548 893 1610 mundi
915 1567 971 1611 neo
993 1550 1108 1612 Boreae
1131 1550 1287 1612 finitimum
1310 1549 1388 1633 latus

749 1658 931 1738 durataeque
954 1659 1019 1720 solo
1041 1661 1126 1721 niues

790 1776 987 1832 mercatorem
1010 1769 1141 1849 abigunt,
1163 1769 1283 1832 horrida
1307 1769 1402 1831 oaliidi

750 1881 873 1942 uincunt
895 1898 1025 1958 aequora
1048 1883 1175 1951 nauitoe,

790 2008 931 2069 magnum
952 1994 1112 2072 pauperies
1134 1990 1331 2072 opprobrium
1353 1990 1437 2053 iubet

750 2100 866 2195 qrdduis
888 2109 918 2162 et
939 2102 1039 2163 iacere
1061 2108 1091 2162 et
1111 2104 1182 2182 pati,
1378 2077 1385 2092 ’

792 2212 971 2290 uirtutisque
994 2213 1073 2273 uiam
1095 2213 1208 2274 deserit
1229 2213 1358 2274 arduae?

750 2319 797 2383 uel
818 2340 874 2384 nos
894 2324 926 2383 in
948 2321 1133 2404 Capitolium,

790 2450 849 2511 quo
872 2432 984 2495 elamor
1006 2442 1094 2495 uocat
1116 2442 1145 2494 et
1167 2433 1253 2502 turba
1276 2435 1449 2504 fauentium,

751 2541 796 2603 uel
818 2562 873 2604 nos
895 2546 925 2605 in
948 2562 1031 2605 mare
1052 2546 1222 2624 proximum

788 2670 920 2731 gemmas
943 2662 973 2714 et
994 2654 1106 2735 lapides
1127 2673 1232 2716 aurum
1257 2662 1286 2715 et
1307 2654 1422 2723 inutile,

749 2766 855 2826 summi
877 2767 1030 2827 materiem
1053 2765 1131 2834 mali,

789 2877 949 2945 mittamus,
973 2875 1119 2937 scelerum
1142 2877 1167 2936 si
1189 2875 1265 2938 beno
1287 2877 1428 2956 paenitet.

749 2985 895 3048 eradenda
917 2986 1063 3066 cupidinis

789 3098 875 3176 praui
897 3103 968 3157 sunt
989 3096 1143 3167 elementa,
1168 3105 1197 3157 et
1218 3105 1340 3160 tenerae
1362 3099 1449 3160 nimis

747 3214 861 3268 mentes
883 3206 1085 3288 asperioribus

788 3317 960 3379 formandae
982 3319 1096 3380 studiis.
1128 3321 1223 3379 nescit
1246 3336 1322 3397 equo
1345 3295 1428 3380 rudis

746 3426 871 3490 baerere
893 3431 1041 3507 ingenuus
1061 3448 1137 3509 puer

787 3541 951 3618 uenarique
974 3542 1066 3611 timet,
1088 3539 1193 3601 ludere
1215 3539 1340 3608 doctior,

646 3668 864 3691 N....--......

642 3774 864 3832 'basmonum

727 3890 760 3938 42
778 3902 820 3952 aq.
844 3886 902 3938 ‘ma
941 3902 986 3938 um
1003 3888 1151 3955 pauperies
1169 3886 1344 3954 opprobrium
1361 3887 1440 3937 iubet
1458 3886 1568 3950 quiduis
1587 3884 1650 3950 (om.
1660 3888 1801 3951 vincent.)

644 3961 687 4007 et
712 3955 776 4017 (om.
795 3954 906 4007 Hildeb.
950 3956 1043 4008 faeere
1069 3960 1097 4007 ot
1119 3957 1192 4020 pati‘
1222 3956 1350 4007 vineant.
1370 3954 1478 4005 Ballou.
1498 3955 1551 4004 VH
1568 3956 1601 4005 ⁷0
1646 3955 1801 4007 Hildebert

641 4023 758 4156 ξιῶἲὲἒ.
773 4023 872 4158 bhibbb'
891 4040 917 4090 p.
936 4026 987 4076 990
1061 4024 1162 4075 oo-oa
1180 4023 1330 4073 ‘scelerum
1344 4048 1375 4057 -
1389 4021 1500 4072 studiis'
1530 4021 1685 4075 Hildebert.
1704 4024 1800 4075 morai.

647 4347 755 4393 VARIA
768 4348 892 4393 monio.

741 4461 894 4537 attanay
958 4460 1102 4536 proiitiunt
1116 4462 1144 4518 F
1205 4466 1237 4516 37
1253 4440 1433 4533 ὦΙοήὺιιεψ
1468 4461 1607 4523 laboribus
1622 4463 1767 4519 coloribus
1781 4479 1801 4518 u

720 4547 755 4602 39
775 4546 874 4603 Durata
889 4546 992 4620 equeb
1070 4542 1144 4624 solo]
1162 4546 1225 4622 gelu
1241 4547 1335 4603 Beatl.
1414 4550 1444 4601 41
1469 4555 1567 4604 nautae
1582 4564 1602 4602 a
1680 4551 1713 4600 42
1735 4564 1800 4621 pao·

654 4633 763 4707 perisy
827 4631 1005 4707 obprobrium
1021 4628 1053 4686 Ω
1131 4626 1220 4708 iubet]
1237 4634 1293 4707 pati
1309 4648 1376 4702 apr.
1455 4638 1489 4687 44
1510 4632 1657 4705 Virtusque
1671 4648 1735 4705 ypr.

655 4716 782 4773 deserere
797 4715 892 4773 Bentt.
977 4721 1011 4771 47
1034 4711 1199 4793 proximum]
1222 4717 1361 4791 pubiicum
1376 4733 1400 4773 ω
1485 4721 1519 4772 48
1540 4733 1635 4772 aurum
1651 4716 1748 4773 inutile
1768 4733 1799 4774 ur

719 4802 753 4855 49
774 4801 890 4858 matoria
903 4800 986 4876 unp)
1008 4803 1209 4874 matheriamrtr
1229 4798 1345 4875 materie
1359 4803 1408 4860 Aa.
1474 4805 1509 4856 50
1530 4804 1673 4875 peniteto
1694 4802 1800 4877 penitet

658 4885 760 4961 Aptara
781 4887 907 4960 poenitet
921 4894 965 4959 rap
1021 4886 1378 4962 aarrauanneorrptpp)
1400 4881 1590 4961 Prauaea1(o)
1650 4881 1798 4963 elementa]

658 4968 775 5028 tomenta
790 4987 813 5027 π
871 4978 1022 5047 temeraey
1085 4976 1120 5027 54
1133 4972 1317 5050 Formandey
1380 4988 1469 5049 aequo
1485 4971 1537 5046 Αψ
1598 4974 1632 5026 55
1646 4970 1748 5030 llorere
1762 4989 1799 5028 ru

718 5091 752 5145 56
767 5061 852 5149 ddum
865 5106 888 5146 π
