5150 6367
1197 1005 1246 1046 VV.
1270 1003 1373 1043 535-858

798 1182 827 1231 ot
850 1170 969 1249 longum
992 1179 1063 1232 noto
1085 1171 1223 1250 scriptori
1245 1179 1386 1250 prorogat
1408 1170 1546 1232 *aeuom

797 1290 867 1342 sunt
888 1280 993 1341 delicta
1018 1290 1114 1342 tamen
1138 1280 1244 1362 quibus
1266 1281 1416 1360 ignouisse.
1441 1281 1581 1342 uelimus:

798 1410 865 1452 uam
882 1409 978 1471 neque
994 1390 1104 1452 chorda
1120 1409 1225 1466 sonum
1241 1389 1338 1451 reddit
1353 1409 1440 1470 quem
1457 1391 1518 1453 uolt
1534 1410 1637 1452 matius
1652 1399 1682 1452 et
1697 1409 1790 1463 meus,

796 1502 992 1582 poscentique
1014 1520 1136 1580 grauem
1160 1518 1306 1581 persaepe
1329 1502 1453 1561 remittit
1475 1511 1608 1569 acutum,

796 1629 852 1672 noc
874 1629 994 1691 semper
1017 1611 1103 1673 leniet
1124 1611 1334 1691 quodcumque
1358 1611 1517 1672 minabitur
1539 1630 1634 1673 arcus.
1803 1619 1856 1668 350

797 1739 901 1782 uerum
925 1720 974 1782 ubi
999 1720 1085 1800 plura
1108 1723 1255 1783 nitentia
1279 1722 1425 1790 carutine,
1450 1740 1509 1783 nou
1533 1739 1588 1800 ego
1611 1721 1713 1802 paucis

797 1832 930 1893 oilendar
953 1830 1091 1901 maculis,
1114 1849 1188 1911 utras
1211 1841 1260 1893 aut
1281 1832 1394 1893 incuria
1418 1832 1495 1894 ludit

795 1950 845 2003 aut
867 1942 995 2003 bumana
1018 1960 1122 2021 parum
1146 1942 1225 2002 cauit
1248 1949 1362 2004 natura.
1407 1941 1476 2022 quid
1500 1943 1618 2021 ergost?

795 2060 827 2111 ut
848 2053 976 2132 scriptor
998 2054 1022 2112 si
1047 2061 1149 2131 peccat
1171 2051 1249 2112 idem
1273 2050 1412 2112 librarius
1435 2069 1545 2129 usque,

796 2163 930 2240 quamuis
953 2169 998 2222 est
1020 2164 1167 2231 monitus,
1191 2162 1277 2222 ueuia
1301 2169 1397 2232 earet,
1422 2169 1451 2224 et
1474 2162 1663 2222 citharoedus
1804 2171 1854 2219 abb

794 2271 920 2342 ridetur,
944 2270 1054 2334 chorda
1078 2273 1127 2351 qui
1149 2290 1268 2351 semper
1289 2271 1412 2334 oberrat
1434 2273 1551 2334 eadem:

710 2478 913 2523 TESTIMONIA.

777 2576 823 2615 uu.
843 2561 987 2612 347-353
1009 2558 1097 2610 ‘Sunt
1114 2559 1144 2608 d:
1164 2560 1273 2624 quidem
1292 2585 1323 2595 -
1342 2563 1458 2610 naturn’
1478 2559 1553 2612 tlor.
1570 2560 1594 2609 N
1601 2566 1680 2610 ostr.
1765 2561 1854 2610 348-

708 2632 760 2681 350
778 2628 898 2679 loannes
916 2628 1099 2679 Victoriensis
1123 2628 1178 2678 llll
1197 2631 1212 2679 'l
1232 2643 1257 2691 p.
1276 2629 1327 2678 uta
1344 2628 1375 2679 B.
1450 2630 1500 2678 ³50
1523 2628 1638 2678 Seruius
1659 2626 1696 2677 ad
1717 2627 1785 2681 Aen.
1803 2628 1856 2678 Vll

708 2699 760 2748 498
778 2692 910 2762 [Probus]
930 2695 965 2745 de
983 2695 1088 2746 ultimis
1106 2695 1221 2761 syllabis
1238 2699 1288 2745 242
1302 2695 1334 2744 K.
1353 2695 1515 2760 florilegium
1533 2695 1622 2748 Paris.
1634 2696 1718 2746 8818Ι
1735 2695 1856 2746 Vincen-

710 2766 767 2814 tius
790 2763 997 2815 Bellouacensis
1020 2763 1125 2828 specul.
1148 2763 1244 2817 histor.
1266 2763 1319 2813 Vll
1341 2765 1373 2813 67
1401 2763 1438 2813 cl.
1461 2764 1570 2813 eobasis
1596 2764 1702 2829 captiui
1725 2778 1751 2812 n.
1777 2764 1853 2812 1162:

711 2837 782 2882 ‘non
800 2847 959 2896 semper-
977 2835 1073 2881 urcus’
1151 2829 1246 2881 ‘fieret
1264 2831 1444 2896 quodcunque
1463 2832 1611 2882 minabitur
1627 2835 1723 2880 arcus’
1742 2835 1853 2884 tractat.

711 2900 744 2950 de
765 2900 835 2950 duos
853 2900 972 2949 Ernesto
989 2902 1006 2948 4
1026 2896 1090 2963 [VII
1108 2915 1134 2963 p.
1153 2901 1201 2949 197
1220 2895 1339 2965 Haupt]
1443 2901 1493 2949 355
1512 2914 1552 2963 sq.
1571 2901 1623 2949 ‘nt
1646 2898 1803 2949 citharedus
1821 2924 1854 2935 -

711 2968 823 3018 eadetn'
842 2966 956 3032 florileg.
976 2966 1150 3017 Nostradnm.

710 3174 810 3218 vnum
832 3173 957 3216 haculo.

718 3259 872 3316 Vindobona.
895 3276 956 3316 aere
978 3252 1451 3334 Fi'1d1(vte2uur.etp1)
1474 3277 1519 3317 ere
1543 3260 1587 3317 Cr
1612 3278 1644 3313 ae
1666 3260 1810 3335 (eielelt.

711 3346 781 3402 sosis
795 3363 814 3419 y
829 3343 858 3398 B
873 3339 979 3419 Glfi'e
996 3361 1004 3401 t
1021 3353 1046 3400 et
1060 3342 1080 3399 4
1095 3344 1212 3416 Blend.)
1235 3348 1286 3402 Ac.
1303 3347 1382 3401 sosiis
1399 3340 1518 3414 cett.';'
1535 3340 1619 3419 1>th
1634 3339 1754 3418 Porpla'
1765 3353 1853 3404 tract.

720 3430 800 3486 Vinci.
825 3427 926 3505 aosssis
949 3430 1015 3502 Ps.,·
1038 3431 1123 3486 Aen.-
1151 3426 1246 3482 ‘Sosis
1271 3430 1301 3481 ·i·
1324 3430 1496 3501 bibliopolis3
1524 3431 1588 3482 alii
1612 3430 1854 3484 emendatores

712 3523 745 3567 et
766 3514 985 3584 probatores
1008 3514 1191 3567 carminum
1214 3514 1313 3567 uolunt
1334 3514 1387 3567 duo
1413 3516 1540 3568 ldebere
1555 3515 1654 3580 scribi,
1678 3515 1727 3567 sed
1741 3524 1855 3586 propter

711 3605 824 3652 metrum
853 3614 936 3651 unum
964 3599 1104 3651 scribitur.
1146 3599 1220 3653 Sosii
1248 3617 1315 3668 ergo
1343 3600 1397 3651 dito
1425 3602 1526 3652 iratres
1554 3601 1669 3652 luerunt
1690 3599 1855 3670 bibliopolae

712 3682 911 3754 opinatissimi'
974 3678 1016 3760 et]
1034 3681 1146 3741 emisti
1157 3704 1207 3757 pr.
1273 3683 1575 3742 atdenunnaeuun
1592 3678 1668 3741 cett!
1727 3702 1775 3741 uu.
1792 3683 1853 3742 347

711 3767 822 3827 -360
837 3768 1003 3826 Bouhierus
1017 3772 1171 3824 eonteeetnt
1185 3780 1245 3841 post
1260 3788 1288 3826 u.
1305 3769 1366 3826 378
1381 3769 1574 3827 Mullevuutus
1587 3780 1647 3840 post
1663 3788 1690 3826 n.
1708 3768 1769 3825 274
1791 3788 1854 3841 opp.

712 3856 789 3908 etiem
809 3857 931 3929 florilep.
957 3854 1094 3912 Nostrod.
1166 3854 1226 3912 348
1249 3852 1331 3911 corda
1353 3849 1487 3928 yFt‘d
1501 3874 1520 3912 u
1586 3853 1644 3910 uolt
1666 3849 1854 3930 Fd(etn)y

713 3938 758 3995 uul
782 3938 797 3993 λ
821 3937 881 3994 uult
902 3946 968 3995 cett.
987 3929 1016 4006 ς’
1034 3942 1155 4015 11555755.
1182 3940 1364 3996 Nostredem.
1450 3948 1477 3995 ot
1500 3933 1589 4015 mens]
1613 3943 1691 3996 omis.
1713 3940 1742 3995 B

713 4022 772 4081 349
795 4041 879 4099 psepe
903 4024 925 4081 C
939 4043 962 4095 φ
978 4019 1033 4081 t'u
1098 4025 1212 4081 remittit
1226 4044 1244 4100 y
1259 4025 1287 4080 B
1303 4019 1357 4079 Cd
1371 4041 1384 4079 a
1401 4018 1439 4090 ς”
1462 4032 1581 4081 tractat.
1606 4026 1758 4082 l'indobon.
1772 4027 1854 4097 flori-

711 4111 764 4182 159.
790 4109 973 4166 Nostrodom.
995 4110 1124 4166 Ioannes
1154 4111 1322 4167 Victorinus.
1352 4108 1440 4165 reddit
1466 4108 1626 4182 (superscr.
1649 4110 1661 4163 l
1688 4107 1812 4180 remittit)
1835 4128 1854 4166 u

712 4195 801 4252 achal.
817 4212 835 4268 γ
858 4204 882 4248 et
905 4202 1023 4251 tractet.
1049 4195 1201 4251 Vindobona.
1223 4214 1274 4265 pro
1288 4196 1506 4266 interpretatione
1521 4196 1630 4250 romutit
1646 4193 1701 4249 Fi
1716 4197 1745 4250 in
1761 4213 1852 4269 morp.

712 4273 753 4335 dt
777 4286 810 4336 ut
831 4281 887 4336 uid.
911 4279 946 4352 (et
972 4280 986 4334 l
1012 4278 1130 4350 Brenn.)
1152 4281 1275 4336 remuttit
1298 4275 1328 4334 λ’
1343 4284 1373 4337 in
1395 4288 1478 4338 testu
1485 4305 1494 4345 ;
1515 4299 1533 4335 5
1551 4295 1559 4335 t
1583 4298 1637 4337 non
1660 4281 1749 4352 liquet

712 4362 774 4423 350
795 4363 850 4420 Nec
864 4358 959 4431 522⁶
975 4373 1011 4421 tr.
1038 4365 1116 4421 Vinci.
1129 4369 1196 4438 flor.
1214 4365 1311 4422 Nostr.
1328 4365 1450 4422 Seruius
1468 4359 1609 4441 [Probus]
1626 4366 1661 4420 de
1676 4366 1780 4421 515555
1795 4368 1854 4435 syt-

711 4450 786 4505 tobis
808 4448 871 4501 Non
892 4452 1014 4523 llomtep.
1039 4451 1137 4507 Poris.
1153 4449 1272 4507 emar
1328 4445 1421 4526 ierint]
1446 4449 1523 4506 steret
1544 4467 1624 4523 ypr.
1641 4449 1670 4520 (a
1683 4467 1732 4521 pr.
1750 4456 1780 4506 ut
1796 4452 1854 4506 uid.

710 4535 720 4589 l
736 4551 825 4604 corr„
841 4534 915 4590 enin.
927 4538 938 4591 l
952 4534 1012 4607 pr.)
1028 4541 1115 4592 tract.
1137 4536 1173 4590 de
1195 4536 1268 4590 duce
1285 4535 1409 4591 Ernesto
1481 4533 1632 4608 quodcunp
1643 4533 1666 4590 C
1678 4532 1716 4609 (v)
1741 4534 1854 4586 cuicun-

713 4635 765 4689 que
788 4619 829 4675 M.
847 4619 980 4692 Bonfinia
1065 4620 1125 4676 351
1149 4612 1241 4695 plura]
1265 4635 1336 4689 pura
1357 4622 1367 4676 l
1387 4637 1435 4692 pr.
1460 4627 1510 4676 eut
1534 4635 1542 4674 t
1629 4618 1690 4676 353
1713 4627 1807 4693 ergoet
1827 4619 1855 4674 B

713 4720 779 4778 ergo
802 4711 845 4759 est
868 4699 1005 4770 cett.'5‘'
1026 4701 1063 4776 (et
1086 4723 1159 4761 omn.
1184 4706 1265 4763 codd.
1289 4702 1408 4778 Cruqu.)
1431 4721 1513 4773 ergo,
1542 4723 1593 4759 on.
1618 4711 1674 4769 est,
1698 4718 1741 4758 et
1763 4703 1775 4757 ‘t
1797 4722 1854 4776 up

714 4782 809 4864 [Surb.
831 4807 861 4861 p.
885 4807 947 4847 ras.
973 4783 1085 4865 Vpsot.]
1107 4808 1130 4845 o>
1201 4788 1262 4847 355
1285 4787 1384 4857 Quouis
1399 4784 1442 4844 dt
1508 4799 1535 4844 et
1557 4781 1603 4843 Sb'
1621 4781 1659 4854 ς”
1674 4806 1745 4842 eona.
1768 4795 1856 4846 tract.

721 4872 800 4931 Vind.
825 4881 856 4926 ut
869 4893 889 4930 n
903 4895 923 4949 y
939 4869 1108 4951 [Zulicbem.
1124 4891 1136 4930 a
1150 4868 1315 4950 supersum]
1341 4875 1435 4930 Bentl.
1459 4872 1495 4924 At
1513 4876 1636 4946 florilcp.
1654 4873 1791 4930 Nostrod.

712 4958 866 5015 citharedus
888 4955 906 5014 ti
926 4959 1106 5033 cytharoedus
1129 4961 1158 5016 1?
1240 4959 1301 5018 356
1324 4957 1404 5015 eorda
1427 4948 1529 5013 nt‘o
1544 4976 1563 5014 u
1627 4956 1735 5014 oberrat
1761 4956 1822 5013 BC
1831 4958 1858 5013 F

714 5036 743 5098 λ’
753 5039 770 5099 d
780 5063 832 5119 pr.
849 5064 867 5101 u
883 5044 912 5118 (v
926 5061 943 5101 σ
958 5064 977 5100 5
993 5056 1018 5099 et
1033 5064 1055 5100 n
1070 5044 1176 5117 Fron.)
1198 5051 1317 5101 tractat.
1347 5044 1501 5101 Vindobon.
1521 5046 1645 5119 florilep.
1668 5044 1854 5102 Nostredom.
