5150 6367
1099 989 1219 1033 northal
1241 990 1462 1033 nntsrnanvu

792 1158 975 1240 pulchraque
998 1165 1029 1219 ot
1050 1158 1160 1219 exactis
1182 1158 1337 1218 minimum
1359 1156 1496 1219 distantia
1518 1158 1622 1219 miror.

793 1272 870 1331 inter
892 1286 968 1347 quae
990 1266 1116 1329 uerbum
1140 1267 1260 1328 emicuit
1281 1268 1306 1328 si
1328 1267 1405 1327 lorte
1428 1266 1586 1338 decorum,

792 1382 817 1440 si
840 1397 946 1440 uersus
968 1377 1056 1457 paulo
1078 1379 1252 1439 concinnior
1275 1395 1351 1438 nnus
1374 1385 1403 1437 ct
1425 1375 1514 1438 alter:

792 1490 901 1550 iniuste
924 1497 1018 1549 totum
1041 1487 1121 1548 ducit
1142 1486 1303 1565 uenditqne
1325 1506 1440 1567 poema.

693 1651 697 1656 .
794 1599 932 1677 indignor
955 1600 1111 1677 quicquam
1135 1596 1331 1676 reprehendi,
1355 1615 1415 1658 non
1437 1600 1506 1677 quia
1529 1616 1629 1658 crasse

793 1711 989 1790 compositum
1012 1707 1181 1785 inlepideue
1205 1715 1344 1786 putetur,
1368 1707 1423 1768 sed
1445 1710 1514 1788 qnia
1536 1726 1647 1787 nuper,

794 1839 850 1881 nec
871 1820 989 1880 ueniam
1012 1819 1154 1898 antiquis,
1178 1816 1229 1879 sed
1252 1816 1398 1878 honorem
1422 1825 1452 1878 et
1473 1819 1604 1897 praemia
1627 1817 1719 1896 posci.

794 1937 875 1991 recte
898 1947 992 1989 necne
1015 1946 1135 1989 crocum
1158 1927 1308 2007 llorosqne
1330 1926 1518 2007 perambulet
1540 1932 1623 1990 littae

797 2038 892 2100 tabula
916 2039 940 2098 si
963 2036 1111 2106 dubitem,
1135 2036 1263 2098 clament
1285 2040 1412 2117 periisse
1435 2037 1579 2117 pudorem

795 2150 893 2210 cuncti
916 2166 1011 2227 paene
1033 2157 1149 2227 patres,
1174 2165 1208 2208 ea
1230 2166 1299 2208 cunr
1321 2147 1545 2228 reprehendere
1568 2166 1668 2217 coner,

796 2277 873 2337 quae
895 2259 994 2337 grauis
1015 2259 1165 2337 Aesopus,
1189 2276 1266 2337 quae
1288 2258 1395 2318 doctus
1418 2258 1543 2319 Roscius
1565 2259 1638 2336 egit:

796 2368 845 2430 uel
867 2370 936 2447 quia
959 2366 1000 2428 nil
1023 2378 1152 2437 rectum,
1177 2368 1234 2428 nisi
1257 2367 1337 2447 quod
1359 2366 1467 2446 placuit
1492 2368 1563 2437 sibi,
1587 2367 1715 2436 ducunt,

796 2477 843 2552 uel
867 2479 934 2556 qrda
957 2486 1043 2557 turpe
1065 2487 1170 2559 putant
1192 2495 1297 2556 parere
1321 2477 1500 2547 minoribus,
1526 2484 1652 2555 atquae

712 2734 914 2778 TESTIMONIA.

781 2817 814 2866 76
831 2830 873 2881 sq.
885 2814 1069 2880 Hcpidannus
1087 2816 1147 2864 nita
1165 2831 1186 2865 s.
1201 2815 1369 2866 Wiboradaa
1388 2815 1406 2864 l.
1425 2815 1456 2865 l.:
1481 2813 1546 2864 ‘sod
1565 2830 1657 2865 eorum
1675 2817 1865 2869 reuerentiam

714 2884 845 2935 canitiem
868 2885 903 2934 ab
927 2882 1083 2933 huiusmodi
1105 2884 1261 2948 suspicione
1278 2887 1389 2948 oportet
1406 2883 1527 2932 alienam
1549 2884 1684 2948 conspici,
1708 2883 1866 2949 quidquam

714 2952 748 3002 ab
767 2953 808 3001 eis
826 2951 991 3016 reprehendi
1008 2978 1041 2987 -
1060 2955 1163 3015 nuper’
1233 2953 1263 3003 at
1279 2966 1320 3015 sq.
1339 2956 1389 3000 ‘aa
1407 2976 1440 2985 -
1459 2952 1531 3015 egit’
1550 2952 1676 3002 Donatus
1694 2952 1730 3001 ad
1744 2953 1866 3008 Terent.

712 3019 803 3082 hecyr.
817 3019 921 3084 prolog.
939 3019 987 3069 alt.
1000 3020 1033 3069 49
1102 3020 1134 3068 8⁶2
1147 3019 1182 3069 cl.
1198 3017 1393 3081 Qaaintiljinst.
1407 3019 1445 3068 Xl
1459 3021 1483 3076 3,
1499 3021 1559 3067 111:
1583 3019 1659 3083 ‘plus
1671 3024 1765 3068 autam
1779 3021 1866 3072 adfa-

714 3093 775 3137 ctno
796 3086 900 3137 habent
921 3087 1057 3148 lontiora,
1084 3086 1201 3151 ideoque
1224 3087 1341 3137 Roscius
1363 3086 1488 3148 citatior,
1511 3086 1635 3152 Aesopus
1658 3087 1771 3152 grauior
1789 3089 1866 3153 fuit,

713 3153 851 3270 ppoddille
869 3155 1034 3271 conpariles,
1053 3154 1099 3205 hic
1110 3154 1270 3219 tragoedias
1288 3154 1364 3220 cgit’
1433 3155 1535 3205 83-86
1552 3154 1667 3221 florileg.
1680 3156 1864 3208 Nostradam.

743 3238 787 3286 epa
809 3237 897 3272 annus
928 3258 935 3273 .
964 3258 971 3272 .
1637 3250 1645 3262 ·

714 3366 915 3374 —m—

714 3478 811 3521 vanu.
831 3478 958 3520 haemo.

800 3562 839 3619 72
863 3565 1001 3619 minimum
1023 3552 1116 3630 Ω’ς”
1139 3562 1248 3614 nimium
1270 3565 1281 3619 t
1303 3581 1369 3619 aar.
1391 3582 1411 3636 p
1433 3563 1482 3635 Pf.
1506 3581 1540 3618 m.
1564 3565 1636 3636 Pplr.
1710 3564 1749 3622 73
1774 3582 1867 3643 quoy

714 3644 755 3720 (a)
822 3647 951 3704 decorum
967 3650 996 3705 Il
1009 3668 1028 3724 y
1043 3647 1083 3719 (a)
1097 3667 1117 3720 p
1138 3646 1266 3704 docorum
1289 3654 1316 3702 et
1331 3649 1360 3703 F
1372 3642 1422 3704 l‘e
1438 3643 1480 3713 ς”
1495 3654 1529 3718 cs.
1553 3652 1637 3721 epist.
1653 3649 1662 3704 l
1680 3649 1729 3719 17,
1746 3649 1776 3706 6.
1793 3651 1825 3706 7.
1844 3653 1865 3708 8

800 3732 839 3788 74
863 3734 1001 3789 concinior
1022 3731 1093 3805 lid)
1194 3731 1233 3789 75
1258 3731 1392 3784 lninstum
1415 3752 1468 3805 op
1553 3733 1697 3789 ducizzs
1783 3734 1865 3788 ducit

715 3818 847 3887 uenitque
867 3835 888 3889 p
912 3812 1080 3894 [Ropinens.
1104 3810 1129 3892 r]
1154 3818 1303 3874 Bentleius
1325 3817 1403 3868 drucio
1428 3817 1582 3887 uendiaqne
1603 3818 1771 3875 antzcroa

685 3950 687 3954 ⁴
716 3935 756 3992 76
771 3937 818 4009 qui
834 3955 840 3990 z
858 3955 864 3988 :
881 3951 990 4009 quame
1013 3936 1154 4009 quicquam
1170 3929 1295 4000 cctt.';''
1310 3930 1395 4007 Ppo!
1417 3908 1520 4007 quicqua
1542 3948 1560 3991 o
1582 3937 1708 4010 qdquap
1766 3953 1866 4011 repre·

716 4019 796 4075 hendi
817 4014 915 4085 Sl'5“
937 4019 1067 4089 reprendi
1088 4033 1106 4075 σ
1119 4038 1140 4092 p
1223 4035 1328 4074 crassae
1350 4020 1366 4074 λ
1468 4040 1494 4077 a.
1519 4021 1557 4078 77
1581 4024 1658 4077 omis.
1683 4038 1697 4077 ε
1717 4039 1766 4093 pr.
1791 4026 1864 4080 add.

715 4108 744 4160 in
767 4123 858 4179 ortorp.
883 4106 947 4160 cod.
970 4122 1006 4160 m.
1098 4104 1136 4159 77
1160 4103 1338 4177 Conpositum
1359 4104 1416 4160 El
1432 4104 1468 4177 (ct
1481 4101 1512 4178 β)
1534 4124 1589 4160 :::
1612 4107 1758 4178 posilnme
1781 4105 1866 4163 Com·

714 4190 834 4263 positum
855 4195 920 4244 cett.
937 4178 971 4253 ς’
984 4185 1020 4259 (et
1034 4186 1139 4259 Fron.)
1196 4187 1349 4262 inlepidcuc
1365 4185 1459 4246 ΕΗΓ
1472 4188 1501 4265 (β
1509 4184 1571 4261 ’σα)
1593 4189 1737 4263 inlepideq.
1755 4208 1768 4246 ε
1784 4186 1835 4262 (rs'
1846 4195 1869 4249 d

713 4293 764 4348 pr
779 4293 798 4329 υ
819 4273 985 4342 illepideque
1007 4272 1198 4346 Hepr'dannus
1292 4273 1331 4332 78
1355 4269 1396 4349 cl]
1420 4291 1449 4331 ac
1472 4276 1501 4331 E
1514 4274 1552 4348 (p)
1574 4282 1602 4330 ct
1625 4270 1700 4331 cells
1716 4268 1759 4340 (5⁰

714 4360 814 4433 premia
838 4357 854 4413 λ
876 4358 1034 4432 proemiay
1103 4355 1209 4433 poscis!
1231 4347 1294 4412 rc'r
1380 4359 1419 4416 79
1441 4355 1540 4435 necno]
1565 4375 1598 4414 ne
1621 4349 1667 4414 l'r
1684 4357 1714 4430 (d
1728 4358 1749 4430 ι)
1773 4377 1824 4416 nec
1840 4363 1870 4417 F

710 4461 760 4516 pr.
780 4437 823 4517 (β’
839 4453 864 4496 et
876 4460 900 4496 π
916 4440 936 4513 1)
1024 4441 1192 4517 perambulet
1215 4442 1243 4497 E
1256 4443 1284 4497 F
1299 4441 1314 4499 l.
1330 4441 1358 4515 (r
1371 4442 1394 4514 a)
1417 4443 1584 4518 perambulat
1606 4463 1624 4519 γ
1639 4460 1651 4499 ε
1667 4438 1727 4509 ς”,·
1744 4463 1761 4499 ν
1778 4460 1787 4500 1
1803 4463 1866 4503 non

714 4529 783 4601 liqu.
848 4529 896 4583 atti
919 4527 948 4583 E
959 4541 967 4579 1
991 4537 1021 4584 ot
1044 4529 1101 4583 uid.
1188 4526 1230 4584 80
1252 4527 1368 4584 clament
1384 4519 1820 4601 n‘;''1>po.‘120rpo.'sco01.
1842 4530 1873 4586 l'

716 4646 812 4697 clamat
834 4660 851 4700 σ
873 4602 990 4698 clanhht
1012 4665 1031 4701 υ
1053 4644 1209 4717 clamantp
1272 4647 1376 4719 perisso
1399 4647 1427 4701 Ε
1442 4663 1450 4701 1
1465 4665 1483 4718 p
1499 4638 1583 4720 de.'
1658 4647 1868 4720 alpensis

714 4747 803 4806 poene
824 4751 843 4806 γ
921 4747 955 4786 ea
979 4735 1016 4788 cai
1038 4728 1206 4806 repllcnderc
1227 4747 1242 4786 ε
1321 4730 1490 4800 respondere
1513 4731 1621 4784 coneris
1644 4732 1777 4789 Donatus

716 4848 756 4906 82
780 4865 879 4923 asopus
901 4840 972 4906 ro‘
1062 4849 1102 4906 83
1125 4842 1213 4925 quod]
1238 4805 1310 4922 (fE
1393 4850 1496 4907 ducunt
1516 4844 1866 4924 Fl'ehrodproct

717 4933 810 4990 Fron.
833 4935 911 5007 lips.
935 4953 961 4990 a.
985 4933 1058 5003 ras.)
1080 4936 1169 4991 schol.
1187 4932 1217 4989 Γ
1232 4938 1388 5007 interpreh:
1416 4932 1549 5004 ‘putant'
1570 4937 1693 5010 florilep.
1719 4935 1863 4994 Nostrad.

717 5018 908 5089 llcpidonnas
929 5017 1023 5074 dicunt
1046 5019 1075 5074 E
1089 5037 1107 5093 γ
1124 5017 1160 5090 (et
1173 5016 1194 5093 β
1208 5034 1253 5074 aar
1271 5020 1350 5092 Lips.
1366 5018 1423 5091 ‘dp
