5150 6367
1165 1040 1284 1082 flottam
1307 1041 1525 1084 nrtsrvLaitvnx

861 1210 1042 1286 exiguaeque
1067 1215 1152 1285 togae
1175 1207 1294 1268 simulet
1316 1216 1432 1268 textore
1455 1208 1612 1276 Catonem,

862 1319 1040 1378 uirtutemne
1063 1325 1267 1398 repraesentet
1290 1335 1448 1396 moresque
1473 1318 1609 1378 Catonis?

861 1429 943 1508 rupit
965 1429 1102 1488 Iarbitam
1126 1428 1296 1507 Timagenis
1318 1427 1432 1489 aemula
1455 1428 1568 1506 lingua,

861 1538 930 1599 dum
955 1537 1055 1599 studet
1076 1537 1208 1599 urbanus
1231 1538 1385 1619 tenditque
1408 1538 1536 1599 disertus
1563 1538 1676 1599 haberi.

860 1648 970 1726 decipit
994 1647 1145 1727 exemplar
1167 1650 1246 1709 uitiis
1268 1647 1426 1709 imitabile:
1451 1648 1558 1727 quodsi

860 1757 1001 1837 pallerem
1022 1777 1105 1829 casu,
1130 1758 1269 1820 biberent
1291 1777 1426 1838 exangue
1450 1760 1609 1819 cuminum.

780 2016 981 2059 TESTIMONIA.

845 2093 876 2140 13
890 2089 1175 2154 cl.mythogr.11223
1194 2104 1218 2154 p.
1234 2090 1281 2138 149
1294 2088 1374 2139 Roda
1393 2095 1402 2120 ‘
1410 2090 1515 2141 Iarbita
1533 2088 1645 2138 natione
1659 2088 1771 2138 Maurus
1790 2088 1854 2141 fuit.
1883 2092 1933 2154 qni

776 2172 857 2222 quum
880 2158 1058 2222 Timagenem
1087 2156 1278 2222 philosophum
1307 2156 1386 2207 docte
1414 2156 1614 2207 declamantem
1645 2157 1784 2205 incassum
1820 2156 1933 2207 imitari

777 2230 935 2283 conaretur,
954 2225 1061 2274 inuidia
1080 2224 1195 2290 quodam
1213 2224 1292 2275 modo
1312 2224 1438 2290 diruptus
1457 2225 1591 2275 traditur’
1697 2226 1728 2274 17
1746 2239 1787 2289 aq.
1808 2223 1932 2291 florileg.

776 2292 951 2343 Nostrndam.
976 2293 1091 2358 ‘quodsi
1110 2319 1138 2328 -
1160 2293 1311 2343 cuminum’
1330 2294 1416 2343 schol.
1436 2294 1510 2342 Pers.
1531 2294 1555 2352 5,
1574 2294 1607 2343 55

781 2429 880 2437 u--n-
896 2431 919 2436 -,.
927 2430 982 2435 4....-

775 2533 872 2576 VARIA
893 2535 1017 2576 Lnoxxo.

861 2619 899 2677 13
923 2620 1088 2690 Exiguaque
1110 2627 1175 2688 toga
1198 2618 1276 2672 simul
1300 2627 1328 2671 et
1349 2625 1456 2671 textore
1476 2623 1541 2691 plor.
1559 2619 1656 2675 Nostr.
1672 2619 1740 2672 coni.
1756 2618 1869 2692 Cruqu.

775 2702 906 2778 Exiguae,
932 2709 1034 2762 omisso
1057 2722 1109 2779 quo
1131 2723 1144 2762 ε
1160 2705 1190 2775 (d
1200 2724 1248 2777 pr.
1266 2714 1291 2758 et
1305 2702 1325 2779 β
1343 2703 1362 2775 r)
1378 2699 1464 2776 de!
1530 2712 1635 2760 tortore
1658 2696 1698 2757 A'
1710 2704 1764 2777 Εγ
1779 2720 1793 2758 e
1809 2720 1822 2759 a
1839 2716 1860 2769 ς
1875 2706 1929 2778 Ps.

775 2777 893 2861 Porpir.l
908 2807 940 2844 ox
964 2808 1011 2845 oro
1035 2794 1081 2847 uel
1096 2807 1177 2848 exore
1194 2791 1222 2845 F
1234 2782 1286 2846 l'e
1303 2805 1312 2844 ι
1329 2798 1359 2846 ut
1375 2792 1431 2846 uid.
1447 2781 1493 2860 (π’
1506 2800 1530 2843 et
1544 2787 1564 2863 β
1582 2789 1602 2859 ι)
1617 2790 1746 2859 dparum
1761 2789 1843 2855 liquet
1867 2797 1930 2842 tex-

775 2882 861 2943 tuque
880 2894 900 2948 y
919 2858 954 2949 fl
973 2876 1079 2931 Btund.
1103 2870 1196 2950 corn]
1221 2884 1353 2944 tesquore
1374 2891 1394 2946 y
1417 2869 1512 2950 [codd.
1541 2872 1639 2945 (ΜΡ)
1666 2877 1738 2943 apud
1759 2870 1929 2952 Moratum]

775 2959 908 3015 Muretus
924 2967 1016 3015 texore
1032 2958 1047 3013 l
1063 2976 1141 3017 corr.
1158 2958 1192 3030 (et
1208 2960 1283 3031 Lapa.
1300 2958 1393 3031 ἠμί,
1409 2961 1485 3030 Ppb.
1546 2959 1710 3032 catonemA
1776 2956 1817 3013 14
1832 2974 1932 3032 repre·

775 3052 866 3099 seutot
880 3062 898 3117 p
910 3045 1022 3113 psentet
1033 3037 1070 3098 π’
1115 3046 1219 3100 catinus
1232 3060 1264 3099 ex
1278 3051 1309 3099 ut
1321 3044 1377 3099 uid.
1435 3043 1473 3100 15
1491 3044 1614 3095 iarbitam
1629 3038 1929 3158 y[Barc.kMontop.]

775 3180 865 3235 ochoi.
882 3198 899 3234 r
918 3177 1109 3255 ssiarbitamd
1129 3178 1277 3253 iarbytlram
1293 3181 1317 3234 Α
1333 3196 1412 3239 corr.
1428 3174 1486 3250 (π’)
1510 3178 1668 3253 yarbptbam
1683 3179 1712 3234 F
1725 3168 1754 3232 l'
1775 3176 1930 3253 larbilstbi

775 3264 804 3319 Ε
825 3262 952 3319 larbueba
967 3266 1018 3321 Ex
1036 3272 1066 3321 ut
1089 3266 1146 3320 uid.
1169 3263 1344 3337 tarbithamp
1367 3262 1517 3337 tarbptbam
1538 3259 1577 3321 A'
1598 3262 1727 3319 larbithrai
1750 3280 1763 3318 e
1787 3263 1929 3329 yarbitam

775 3365 794 3401 υ
816 3345 852 3418 (ct
874 3347 995 3418 Fran.),·
1021 3349 1059 3421 cs.
1083 3347 1218 3399 ‘Maurus
1241 3346 1342 3401 larba’
1368 3347 1448 3405 Ouid.
1469 3350 1541 3421 fast.
1565 3348 1596 3403 tlt
1621 3346 1681 3403 552
1775 3347 1930 3421 timagenis

775 3434 803 3488 F
817 3425 847 3485 λ’
862 3431 890 3503 (v
906 3422 964 3487 πά
977 3432 1007 3505 o)
1023 3427 1141 3505 Porplr.‘
1157 3434 1246 3488 schol.
1256 3431 1284 3486 Γ
1302 3435 1455 3501 tymageuis
1471 3445 1489 3487 σ
1503 3436 1553 3506 dp
1576 3434 1723 3506 timagenes
1738 3433 1763 3488 A
1785 3431 1930 3507 timaginis

776 3519 804 3574 Ε
817 3515 852 3589 (ct
866 3515 896 3592 β)
920 3520 1064 3593 tpmaginis
1078 3536 1091 3574 ε
1107 3517 1143 3589 (ct
1158 3516 1264 3588 Fran.)
1335 3517 1422 3573 emula
1444 3536 1458 3573 e
1523 3516 1615 3592 lingua
1631 3517 1655 3571 Α
1669 3536 1687 3591 γ
1702 3517 1730 3572 F
1743 3510 1794 3570 t'e
1811 3517 1868 3572 Ea
1885 3513 1930 3591 (β’

775 3622 794 3659 ν
804 3598 858 3657 π’σ
874 3623 891 3659 α
904 3619 981 3659 corr.
996 3605 1016 3659 d
1027 3621 1046 3676 p
1060 3622 1076 3658 r
1090 3601 1144 3674 au)
1162 3619 1227 3657 eona
1243 3604 1292 3657 Fr
1304 3621 1324 3674 p
1337 3598 1489 3679 [Nostrod.
1505 3621 1570 3659 unr.
1578 3627 1587 3665 ;
1610 3618 1679 3671 cena
1692 3602 1784 3657 Fran.
1800 3617 1812 3656 a
1827 3598 1927 3679 unr.],

776 3698 930 3760 receperunt
954 3688 1129 3746 Sanndonua
1150 3697 1174 3741 et
1198 3687 1419 3750 stultitiamne:
1441 3704 1509 3761 gena
1531 3705 1549 3760 γ
1572 3705 1638 3744 nor.
1662 3701 1811 3758 repensor.
1828 3683 1927 3758 (apr.

775 3792 791 3828 r
811 3791 824 3829 a
845 3772 922 3846 aar.)
941 3791 960 3845 p
984 3768 1159 3849 [Barcinon.
1183 3789 1196 3829 a
1216 3767 1297 3849 aar]
1323 3772 1417 3852 lingue
1441 3790 1458 3827 r
1480 3787 1489 3826 x
1514 3766 1658 3847 [ttiuguag
1681 3771 1750 3823 alias
1773 3770 1882 3823 coena'
1907 3771 1927 3827 2

775 3854 898 3934 Bianti]
966 3855 1133 3927 ‘exemplum
1156 3856 1235 3911 stulti
1256 3856 1402 3909 imitatoria
1424 3856 1601 3926 interposuit.
1632 3873 1692 3908 nam
1715 3854 1757 3906 bic
1778 3854 1929 3913 Barbutlra

775 3942 892 3994 Maurus
915 3943 1043 4010 regione,
1067 3944 1174 3997 nomine
1196 3942 1250 3994 fuit
1272 3941 1383 3994 Codrus
1405 3939 1517 4013 (cordua
1540 3939 1646 4013 codd-i,
1676 3940 1723 4011 qui
1745 3939 1808 3991 dum
1830 3940 1929 3994 Tima-

776 4044 872 4095 genem
894 4027 1017 4081 imitatur
1039 4035 1103 4097 poet
1125 4025 1283 4080 conuiuium
1307 4035 1336 4078 et
1356 4025 1430 4078 inter
1451 4026 1549 4093 pocula
1571 4025 1777 4090 declamantem,
1807 4035 1929 4095 propter

775 4111 948 4164 insolentiam
972 4112 1090 4164 faciendi
1120 4112 1193 4182 quod
1222 4111 1374 4162 conabatur
1402 4110 1463 4180 ipae
1485 4110 1630 4180 disruptus
1657 4119 1709 4166 eat.
1752 4109 1927 4179 Timagenes

775 4197 845 4249 oraim
867 4198 966 4250 multoe
989 4198 1140 4249 conabatur
1155 4197 1283 4248 adhibere
1300 4195 1390 4247 socios
1413 4193 1521 4266 (oolitoe
1536 4190 1697 4266 Porpl.')et
1711 4212 1795 4246 cenae
1819 4201 1848 4247 et
1874 4196 1925 4250 de-

774 4281 928 4333 clamationi
947 4299 1022 4346 strae,
1045 4282 1164 4351 dumque
1180 4283 1213 4333 ab
1229 4280 1270 4332 hie
1286 4281 1396 4333 multum
1413 4279 1541 4332 laudatur
1556 4280 1589 4332 ad
1606 4279 1781 4331 imitationem
1796 4280 1842 4331 ani
1857 4297 1923 4349 pro·

776 4384 891 4420 uocasse
916 4366 1072 4418 barontum
1102 4366 1259 4438 (layarbitan
1282 4363 1395 4437 Persi,
1424 4365 1472 4434 qui
1500 4383 1530 4416 ee
1558 4373 1586 4417 et
1613 4363 1750 4418 stomacho
1779 4364 1926 4437 subrepit,

774 4452 836 4503 dum
864 4452 1039 4519 Timageuem
1073 4459 1100 4502 et
1128 4451 1243 4504 dicendo
1279 4457 1307 4503 et
1335 4449 1473 4518 pascendo
1503 4450 1604 4502 amicos
1637 4457 1753 4503 conatur
1782 4452 1926 4520 aequare’

773 4537 918 4609 Porpdpr.
944 4534 1064 4588 ‘larbita
1087 4536 1203 4588 Maurus
1226 4536 1280 4588 init
1302 4534 1349 4605 qui
1372 4551 1431 4587 cum
1447 4534 1622 4603 Timagenem
1642 4534 1835 4605 philosophum
1857 4548 1927 4604 poat

775 4620 931 4673 conuiuium
956 4626 983 4673 et
1013 4621 1086 4673 inter
1115 4620 1212 4689 pocula
1235 4619 1428 4674 declamantem
1452 4620 1537 4673 uellet
1558 4619 1656 4673 imitari
1685 4626 1713 4672 et
1735 4636 1789 4671 non
1813 4633 1924 4692 postet,

774 4705 880 4758 inuidia
903 4706 1019 4776 quodam
1042 4705 1119 4757 modo
1141 4706 1286 4776 disruptua
1303 4701 1512 4762 eat'oclrol.1'
1573 4705 1612 4762 16
1634 4702 1757 4778 tenddtq,
1773 4705 1802 4761 Ε
1821 4705 1925 4774 tendit,

774 4809 825 4845 ona.
849 4807 902 4860 qne
924 4795 934 4847 i
999 4791 1131 4849 dissertus
1153 4809 1171 4866 γ
1238 4791 1275 4847 17
1300 4789 1450 4859 exemplum
1473 4790 1546 4863 Ppo.
1572 4809 1633 4860 opp.
1656 4783 1776 4861 Porph.'
1796 4792 1923 4866 lioriiey.

775 4875 958 4932 Nostrndum.
1032 4877 1107 4933 uieiis
1132 4874 1147 4929 i
1218 4870 1329 4952 quodsi]
1354 4872 1423 4949 φύει·
1443 4877 1497 4931 Eo
1519 4880 1548 4931 in
1572 4892 1633 4932 ras.
1656 4873 1754 4948 quodsi
1778 4877 1825 4931 uel
1847 4878 1925 4949 quod

774 4960 797 5014 si
813 4956 900 5015 cett.''
915 4978 932 5028 ς
946 4962 1017 5033 Ppb.
1032 4964 1154 5036 florileg.
1173 4963 1310 5019 Nostrad.
1334 4959 1400 5030 quid
1424 4960 1448 5011 si
1469 4977 1489 5032 y
1513 4960 1678 5018 Glareanus
1703 4958 1787 5029 proh!
1818 4960 1843 5012 ai
1866 4960 1923 5018 Se-

778 5079 911 5137 uadonus
933 5096 984 5132 nec
1006 5080 1030 5132 ai
1052 5069 1172 5154 Porpt!
1258 5080 1296 5138 18
1319 5046 1460 5139 Pallereie
1482 5079 1623 5133 Paliarent
1638 5099 1657 5136 a
1673 5096 1749 5137 corr.
1765 5094 1800 5135 rr
1816 5076 1852 5150 (et
1868 5076 1925 5154 βι)
