5150 6367
1217 1905 1241 1913 -
1255 1894 1379 1936 nonumque
1393 1889 1502 1938 prematur
1516 1886 1537 1926 in
1551 1896 1631 1925 annum

1135 1959 1263 2000 membranis
1279 1959 1337 2001 intus
1351 1960 1435 2013 positis.

641 2246 727 2309 enim
749 2247 827 2309 anni
851 2243 1108 2315 (DDOOOtXI
1130 2246 1226 2310 huius
1251 2246 1326 2310 libri
1349 2248 1562 2312 fundamenta
1583 2270 1622 2312 ao
1637 2246 1786 2312 subsidia

640 2345 794 2431 colligere
816 2349 981 2434 coepimus
1005 2386 1042 2395 —
1066 2352 1100 2411 in
1130 2347 1233 2411 lucem
1262 2348 1343 2412 haec
1370 2348 1471 2414 editio
1495 2349 1621 2435 prodit,
1651 2359 1684 2413 et
1711 2369 1786 2412 cum

640 2469 680 2511 ne
700 2449 835 2512 tertium
858 2449 989 2535 quidem
1011 2448 1177 2530 uolumen,
1207 2472 1270 2536 quo
1300 2450 1534 2533 προλεγόμενα
1562 2470 1646 2535 quae
1668 2457 1787 2514 uocant
1833 2509 1835 2513 .

641 2548 804 2614 includere
826 2551 860 2613 in
882 2551 990 2615 animo
1013 2549 1189 2633 habemus,
1217 2561 1284 2615 tam
1308 2550 1456 2615 celeriter
1483 2572 1581 2637 quam
1609 2550 1674 2637 ipsi
1696 2559 1785 2636 opte-

642 2671 710 2714 mus
733 2651 913 2734 perfectum
935 2652 975 2716 iri
993 2652 1257 2739 praeuideamus,
1282 2651 1461 2736 longiorem
1483 2652 1672 2716 addidimus
1694 2672 1786 2738 prae-

642 2750 808 2816 fationem.
847 2774 886 2816 ac
907 2754 1047 2838 primum
1071 2753 1203 2840 quidem
1226 2751 1385 2817 beniuolis
1408 2752 1585 2819 lectoribus
1609 2763 1642 2817 et
1663 2761 1788 2816 nostra·

642 2851 729 2916 tibus
757 2862 790 2917 et
812 2856 948 2932 exteris,
979 2855 1035 2941 qui
1056 2865 1125 2919 tam
1152 2854 1361 2937 indulgenter
1392 2876 1431 2918 ac
1465 2855 1604 2939 benigne
1635 2852 1788 2918 uolumen

643 2955 781 3038 primum
798 2966 1010 3042 exceperunt,
1034 2958 1157 3040 gratias
1173 2957 1334 3020 maximas
1350 2965 1496 3041 agentes,
1520 2966 1557 3021 ut
1579 2965 1611 3020 ct
1625 2954 1688 3019 hoc
1708 2953 1787 3017 alte·

644 3076 729 3137 rum,
754 3056 787 3119 in
810 3056 896 3143 quod
919 3057 992 3144 plus
1009 3058 1108 3123 etiam
1122 3058 1278 3144 temporis
1301 3068 1334 3121 ct
1350 3080 1468 3145 operae
1483 3058 1730 3143 insumpsimus,
1753 3054 1788 3118 id

645 3156 730 3241 quod
754 3179 794 3221 ex
817 3156 919 3223 multo
942 3160 1064 3223 maiore
1086 3159 1235 3223 codicum
1257 3181 1391 3224 numero
1412 3161 1447 3224 in
1462 3159 1522 3224 hoc
1539 3158 1680 3223 secundo
1696 3155 1789 3222 uolu-
1832 3176 1842 3185 ’

645 3258 728 3321 mine
756 3260 791 3322 in
820 3280 957 3324 examen
983 3269 1172 3325 uocatorum
1202 3272 1234 3326 et
1261 3260 1462 3326 conlatorum
1492 3270 1643 3348 apparet,
1675 3280 1789 3322 aecum

645 3357 788 3442 plausum
811 3360 896 3426 ferat
916 3383 1080 3446 rogamus.

727 3461 918 3527 Proximum
941 3475 1048 3529 estut
1071 3463 1111 3526 de
1135 3463 1304 3529 codicibus
1327 3465 1448 3528 nostris
1472 3464 1687 3550 disputemus,
1711 3472 1789 3548 quot

648 3560 677 3623 in
700 3564 796 3649 primi
818 3563 993 3629 uoluminis
1017 3565 1219 3652 praefatione
1244 3588 1310 3629 non
1337 3566 1516 3629 enumerati
1539 3572 1624 3628 sunt.
1670 3564 1789 3627 etenim

647 3676 850 3730 accesserunt
872 3676 938 3730 tres
961 3676 1154 3752 quattuorue
1177 3668 1324 3752 primarii
1347 3666 1476 3730 codices
1499 3666 1596 3752 primi
1611 3664 1791 3749 optimique

648 3785 792 3847 genens:

729 3903 762 3984 1)
785 3928 803 3965 a
826 3934 868 3957 =
889 3929 969 3968 unus
992 3930 1031 3967 ex
1051 3910 1266 3969 uetustissimis
1289 3908 1469 3967 Horatianis
1485 3905 1640 3966 codicibus
1657 3914 1790 3964 exeunte
1804 3916 1872 3956 codex
1886 3931 1900 3956 a

652 4009 768 4068 saeculo
791 4031 874 4070 nono
896 4011 947 4069 uel
970 4013 1098 4070 ineunte
1122 4011 1238 4070 decimo
1263 4011 1372 4088 partim
1396 4010 1427 4067 in
1444 4008 1621 4067 membrana
1644 4006 1791 4085 rescripta

651 4118 788 4171 exaratus
817 4112 888 4171 olim
914 4111 1144 4171 Auenionensis
1180 4133 1263 4171 nuuc
1290 4110 1511 4170 Ambrosianus
1538 4108 1707 4168 Mediolani
1738 4107 1790 4166 ad·

650 4220 784 4271 seruatus
807 4221 839 4273 et
859 4214 949 4289 signo
973 4211 1000 4273 Ο
1025 4215 1084 4273 136
1108 4215 1288 4286 instructuS,
1319 4233 1409 4291 quem
1438 4235 1476 4272 ex
1504 4212 1612 4272 eodem
1641 4209 1790 4287 exemplo,

651 4330 705 4390 qno
733 4315 907 4374 Parisinum
942 4317 1046 4375 7900³
1083 4316 1143 4375 iarn
1178 4317 1210 4374 in
1239 4317 1336 4394 primo
1365 4315 1520 4374 uolumine
1557 4322 1726 4390 receptum,
1757 4312 1789 4368 in
1814 4322 1917 4362 eodrxA

651 4416 834 4475 sermonibus
857 4425 889 4476 et
912 4418 943 4475 in
963 4417 1077 4475 maiore
1093 4426 1179 4496 parte
1195 4418 1397 4496 epistularum
1419 4426 1449 4475 et
1472 4417 1503 4474 in
1521 4424 1587 4474 arte
1604 4415 1723 4492 poetica
1740 4411 1791 4470 de·

650 4514 805 4591 trientem,
829 4527 860 4576 et
880 4518 979 4596 ipsum
1002 4519 1112 4597 partim
1130 4520 1310 4598 rescriptum
1326 4520 1518 4595 ineunteque
1535 4516 1651 4575 decimo
1667 4514 1790 4573 saeculo

652 4629 814 4693 exaratum,
837 4619 960 4680 fluxisse
983 4619 1178 4678 manifestum
1201 4632 1256 4678 est.
1286 4622 1368 4679 buno
1391 4619 1525 4678 codicem
1542 4615 1710 4676 Mediolani
1733 4616 1793 4693 ipsi

654 4722 846 4797 contulimus3
872 4722 911 4782 de
933 4741 995 4779 non
1020 4722 1112 4780 nullis
1135 4722 1209 4781 locis
1225 4721 1327 4780 dubiis
1345 4720 1549 4780 Cerianius
1572 4740 1603 4778 n.
1620 4719 1656 4777 cl.
1674 4715 1793 4796 byblio-

651 4818 753 4884 thecas
782 4822 1006 4882 Ambrosianae
1035 4824 1208 4902 praefectus
1237 4825 1375 4901 rogantis
1403 4841 1460 4880 nos
1490 4820 1712 4880 officiosissima
1738 4837 1794 4896 per

652 4919 764 4985 litteras
782 4925 933 5012 xcertiores
959 4925 1040 4984 lecit.
1086 4925 1195 5004 quibus
1223 4926 1299 4985 locis
1328 4926 1388 4984 duo
1417 4924 1538 4983 codices
1560 4927 1585 4979 Α
1615 4931 1645 4979 et
1667 4942 1684 4977 (ι
1713 4921 1795 4978 inter

652 5042 680 5085 so
701 5029 915 5100 consentiunt,
939 5027 1022 5106 quod
1045 5027 1169 5106 quidem
1193 5028 1256 5087 fere
1280 5028 1427 5086 conuenit
1449 5026 1631 5102 ubicumque
1654 5026 1677 5078 A
1700 5030 1793 5094 extat,

1605 5141 1638 5190 a*
1715 5153 1745 5197 st·
