<?xml version="1.0" encoding="UTF-8"?>
<!DOCTYPE html PUBLIC "-//W3C//DTD XHTML 1.0 Transitional//EN"
    "http://www.w3.org/TR/xhtml1/DTD/xhtml1-transitional.dtd">
<html xmlns="http://www.w3.org/1999/xhtml" xml:lang="en" lang="en">
 <head>
  <title>
</title>
<meta http-equiv="Content-Type" content="text/html;charset=utf-8" />
  <meta name='ocr-system' content='tesseract 3.04.00' />
  <meta name='ocr-capabilities' content='ocr_page ocr_carea ocr_par ocr_line ocrx_word'/>
</head>
<body>
  <div class='ocr_page' id='page_1' title='image "./qhoratiflacciop00holdgoog/qhoratiflacciop00holdgoog_0541.png"; bbox 0 0 5150 6367; ppageno 0'>
   <div class='ocr_carea' id='block_1_1' title="bbox 1146 1029 1809 1072">
    <p class='ocr_par' dir='ltr' id='par_1_1' title="bbox 1146 1029 1809 1072">
     <span class='ocr_line' id='line_1_1' title="bbox 1146 1029 1809 1072; baseline 0.003 -4"><span class='ocrx_word' id='word_1_1' title='bbox 1146 1029 1322 1070; x_wconf 74' lang='lat' dir='ltr'><strong>PRAEFATIO</strong></span> <span class='ocrx_word' id='word_1_2' title='bbox 1743 1031 1809 1072; x_wconf 84' lang='lat' dir='ltr'>xvn</span> 
     </span>
    </p>
   </div>
   <div class='ocr_carea' id='block_1_2' title="bbox 654 1197 1812 4728">
    <p class='ocr_par' dir='ltr' id='par_1_2' title="bbox 654 1197 1812 4728">
     <span class='ocr_line' id='line_1_2' title="bbox 662 1197 1811 1276; baseline 0.003 -20"><span class='ocrx_word' id='word_1_3' title='bbox 662 1198 825 1257; x_wconf 76' lang='lat' dir='ltr'><strong>Horatium</strong></span> <span class='ocrx_word' id='word_1_4' title='bbox 855 1197 906 1257; x_wconf 87' lang='lat' dir='ltr'>edi</span> <span class='ocrx_word' id='word_1_5' title='bbox 931 1218 1021 1276; x_wconf 84' lang='lat' dir='ltr'>posse</span> <span class='ocrx_word' id='word_1_6' title='bbox 1054 1208 1204 1276; x_wconf 76' lang='lat' dir='ltr'><strong>negarent</strong></span> <span class='ocrx_word' id='word_1_7' title='bbox 1231 1217 1328 1275; x_wconf 85' lang='lat' dir='ltr'>eaque</span> <span class='ocrx_word' id='word_1_8' title='bbox 1351 1198 1419 1274; x_wconf 78' lang='lat' dir='ltr'>lege</span> <span class='ocrx_word' id='word_1_9' title='bbox 1446 1208 1561 1256; x_wconf 84' lang='lat' dir='ltr'>textum</span> <span class='ocrx_word' id='word_1_10' title='bbox 1588 1208 1811 1260; x_wconf 76' lang='lat' dir='ltr'>construerent.</span> 
     </span>
     <span class='ocr_line' id='line_1_3' title="bbox 662 1299 1812 1377; baseline 0.002 -19"><span class='ocrx_word' id='word_1_11' title='bbox 662 1301 748 1377; x_wconf 90' lang='lat' dir='ltr'>atqui</span> <span class='ocrx_word' id='word_1_12' title='bbox 772 1307 834 1358; x_wconf 88' lang='lat' dir='ltr'>tam</span> <span class='ocrx_word' id='word_1_13' title='bbox 857 1300 974 1357; x_wconf 86' lang='lat' dir='ltr'>incerto</span> <span class='ocrx_word' id='word_1_14' title='bbox 992 1307 1022 1357; x_wconf 89' lang='lat' dir='ltr'>et</span> <span class='ocrx_word' id='word_1_15' title='bbox 1037 1319 1075 1358; x_wconf 83' lang='lat' dir='ltr'>ex</span> <span class='ocrx_word' id='word_1_16' title='bbox 1090 1307 1179 1377; x_wconf 88' lang='lat' dir='ltr'>parte</span> <span class='ocrx_word' id='word_1_17' title='bbox 1194 1306 1311 1357; x_wconf 87' lang='lat' dir='ltr'>tantum</span> <span class='ocrx_word' id='word_1_18' title='bbox 1334 1300 1467 1374; x_wconf 81' lang='lat' dir='ltr'>perfecte</span> <span class='ocrx_word' id='word_1_19' title='bbox 1484 1299 1597 1358; x_wconf 84' lang='lat' dir='ltr'>codicis</span> <span class='ocrx_word' id='word_1_20' title='bbox 1622 1303 1644 1357; x_wconf 88' lang='lat' dir='ltr'><em>V</em></span> <span class='ocrx_word' id='word_1_21' title='bbox 1664 1301 1812 1360; x_wconf 86' lang='lat' dir='ltr'>lectiones</span> 
     </span>
     <span class='ocr_line' id='line_1_4' title="bbox 661 1400 1810 1479; baseline 0.001 -21"><span class='ocrx_word' id='word_1_22' title='bbox 661 1400 795 1459; x_wconf 76' lang='lat' dir='ltr'>traditae</span> <span class='ocrx_word' id='word_1_23' title='bbox 818 1400 907 1458; x_wconf 91' lang='lat' dir='ltr'>nohis</span> <span class='ocrx_word' id='word_1_24' title='bbox 927 1407 1013 1472; x_wconf 90' lang='lat' dir='ltr'>sunt,</span> <span class='ocrx_word' id='word_1_25' title='bbox 1038 1410 1072 1459; x_wconf 92' lang='lat' dir='ltr'>ut</span> <span class='ocrx_word' id='word_1_26' title='bbox 1093 1408 1159 1459; x_wconf 90' lang='lat' dir='ltr'>tuto</span> <span class='ocrx_word' id='word_1_27' title='bbox 1181 1401 1272 1459; x_wconf 90' lang='lat' dir='ltr'>inniti</span> <span class='ocrx_word' id='word_1_28' title='bbox 1294 1401 1330 1458; x_wconf 91' lang='lat' dir='ltr'>iis</span> <span class='ocrx_word' id='word_1_29' title='bbox 1354 1400 1438 1459; x_wconf 91' lang='lat' dir='ltr'>nullo</span> <span class='ocrx_word' id='word_1_30' title='bbox 1468 1409 1556 1478; x_wconf 88' lang='lat' dir='ltr'>pacto</span> <span class='ocrx_word' id='word_1_31' title='bbox 1579 1402 1728 1479; x_wconf 88' lang='lat' dir='ltr'>possimus</span> <span class='ocrx_word' id='word_1_32' title='bbox 1757 1400 1810 1479; x_wconf 82' lang='lat' dir='ltr'>(cf.</span> 
     </span>
     <span class='ocr_line' id='line_1_5' title="bbox 660 1501 1809 1580; baseline 0.001 -20"><span class='ocrx_word' id='word_1_33' title='bbox 660 1521 743 1580; x_wconf 89' lang='lat' dir='ltr'>quae</span> <span class='ocrx_word' id='word_1_34' title='bbox 766 1501 846 1561; x_wconf 87' lang='lat' dir='ltr'>alter</span> <span class='ocrx_word' id='word_1_35' title='bbox 870 1509 1006 1560; x_wconf 86' lang='lat' dir='ltr'>nostrum</span> <span class='ocrx_word' id='word_1_36' title='bbox 1035 1502 1073 1562; x_wconf 91' lang='lat' dir='ltr'>de</span> <span class='ocrx_word' id='word_1_37' title='bbox 1097 1501 1223 1580; x_wconf 78' lang='lat' dir='ltr'>(lruquii</span> <span class='ocrx_word' id='word_1_38' title='bbox 1253 1510 1396 1580; x_wconf 89' lang='lat' dir='ltr'>suspecta</span> <span class='ocrx_word' id='word_1_39' title='bbox 1417 1501 1478 1559; x_wconf 87' lang='lat' dir='ltr'>tide</span> <span class='ocrx_word' id='word_1_40' title='bbox 1506 1522 1583 1562; x_wconf 89' lang='lat' dir='ltr'>mus.</span> <span class='ocrx_word' id='word_1_41' title='bbox 1606 1502 1707 1561; x_wconf 88' lang='lat' dir='ltr'>eren.</span> <span class='ocrx_word' id='word_1_42' title='bbox 1731 1524 1761 1562; x_wconf 94' lang='lat' dir='ltr'>n.</span> <span class='ocrx_word' id='word_1_43' title='bbox 1784 1524 1809 1561; x_wconf 91' lang='lat' dir='ltr'>s.</span> 
     </span>
     <span class='ocr_line' id='line_1_6' title="bbox 658 1601 1807 1681; baseline 0.002 -22"><span class='ocrx_word' id='word_1_44' title='bbox 658 1601 776 1662; x_wconf 83' lang='lat' dir='ltr'><strong>XVIII</strong></span> <span class='ocrx_word' id='word_1_45' title='bbox 797 1623 827 1680; x_wconf 87' lang='lat' dir='ltr'>p.</span> <span class='ocrx_word' id='word_1_46' title='bbox 844 1603 1022 1662; x_wconf 79' lang='lat'><strong>281-283.</strong></span> <span class='ocrx_word' id='word_1_47' title='bbox 1053 1602 1224 1681; x_wconf 87' lang='lat' dir='ltr'>disputauit</span> <span class='ocrx_word' id='word_1_48' title='bbox 1246 1613 1277 1661; x_wconf 90' lang='lat' dir='ltr'>et</span> <span class='ocrx_word' id='word_1_49' title='bbox 1298 1603 1413 1661; x_wconf 88' lang='lat' dir='ltr'>Karole</span> <span class='ocrx_word' id='word_1_50' title='bbox 1430 1602 1679 1681; x_wconf 84' lang='lat' dir='ltr'>Zangemeistero</span> <span class='ocrx_word' id='word_1_51' title='bbox 1701 1604 1807 1662; x_wconf 86' lang='lat' dir='ltr'>rescri-</span> 
     </span>
     <span class='ocr_line' id='line_1_7' title="bbox 658 1693 1805 1783; baseline 0.002 -23"><span class='ocrx_word' id='word_1_52' title='bbox 658 1704 724 1783; x_wconf 90' lang='lat' dir='ltr'>psit</span> <span class='ocrx_word' id='word_1_53' title='bbox 745 1703 876 1763; x_wconf 89' lang='lat' dir='ltr'>XVIIII</span> <span class='ocrx_word' id='word_1_54' title='bbox 902 1693 934 1783; x_wconf 88' lang='lat' dir='ltr'>p.</span> <span class='ocrx_word' id='word_1_55' title='bbox 957 1704 1175 1781; x_wconf 80' lang='grc'>634-637.);</span> <span class='ocrx_word' id='word_1_56' title='bbox 1204 1726 1222 1780; x_wconf 74' lang='lat'><em>9</em></span> <span class='ocrx_word' id='word_1_57' title='bbox 1250 1724 1323 1762; x_wconf 86' lang='lat' dir='ltr'>uero</span> <span class='ocrx_word' id='word_1_58' title='bbox 1353 1704 1430 1763; x_wconf 86' lang='lat' dir='ltr'>adeo</span> <span class='ocrx_word' id='word_1_59' title='bbox 1462 1704 1582 1764; x_wconf 88' lang='lat' dir='ltr'>infimae</span> <span class='ocrx_word' id='word_1_60' title='bbox 1611 1705 1722 1763; x_wconf 88' lang='lat' dir='ltr'>aetatis</span> <span class='ocrx_word' id='word_1_61' title='bbox 1751 1713 1805 1777; x_wconf 87' lang='lat' dir='ltr'>est,</span> 
     </span>
     <span class='ocr_line' id='line_1_8' title="bbox 658 1793 1807 1884; baseline 0.002 -23"><span class='ocrx_word' id='word_1_62' title='bbox 658 1813 704 1874; x_wconf 91' lang='lat' dir='ltr'>ut,</span> <span class='ocrx_word' id='word_1_63' title='bbox 727 1804 831 1882; x_wconf 90' lang='lat' dir='ltr'>siquis,</span> <span class='ocrx_word' id='word_1_64' title='bbox 855 1805 887 1864; x_wconf 90' lang='lat' dir='ltr'>id</span> <span class='ocrx_word' id='word_1_65' title='bbox 910 1806 993 1884; x_wconf 84' lang='lat' dir='ltr'>quod</span> <span class='ocrx_word' id='word_1_66' title='bbox 1015 1807 1189 1884; x_wconf 87' lang='lat' dir='ltr'>nuperrime</span> <span class='ocrx_word' id='word_1_67' title='bbox 1212 1806 1332 1877; x_wconf 90' lang='lat' dir='ltr'>accidit,</span> <span class='ocrx_word' id='word_1_68' title='bbox 1356 1806 1477 1864; x_wconf 91' lang='lat' dir='ltr'>codices</span> <span class='ocrx_word' id='word_1_69' title='bbox 1500 1806 1605 1884; x_wconf 83' lang='lat' dir='ltr'>quales</span> <span class='ocrx_word' id='word_1_70' title='bbox 1627 1815 1700 1864; x_wconf 89' lang='lat' dir='ltr'>sunt</span> <span class='ocrx_word' id='word_1_71' title='bbox 1721 1793 1807 1863; x_wconf 75' lang='lat' dir='ltr'>A&#39;u&#39;</span> 
     </span>
     <span class='ocr_line' id='line_1_9' title="bbox 660 1900 1808 1985; baseline 0.001 -22"><span class='ocrx_word' id='word_1_72' title='bbox 660 1900 812 1963; x_wconf 72' lang='lat' dir='ltr'>E&#39;st&#39;t&#39;</span> <span class='ocrx_word' id='word_1_73' title='bbox 834 1909 969 1985; x_wconf 77' lang='lat' dir='ltr'>septenis</span> <span class='ocrx_word' id='word_1_74' title='bbox 992 1909 1149 1967; x_wconf 89' lang='lat' dir='ltr'>octonisue</span> <span class='ocrx_word' id='word_1_75' title='bbox 1171 1908 1301 1967; x_wconf 88' lang='lat' dir='ltr'>saeculis</span> <span class='ocrx_word' id='word_1_76' title='bbox 1330 1908 1518 1985; x_wconf 81' lang='lat' dir='ltr'>antiquiores</span> <span class='ocrx_word' id='word_1_77' title='bbox 1541 1917 1654 1967; x_wconf 91' lang='lat' dir='ltr'>temere</span> <span class='ocrx_word' id='word_1_78' title='bbox 1676 1914 1808 1985; x_wconf 82' lang='lat' dir='ltr'>seponat</span> 
     </span>
     <span class='ocr_line' id='line_1_10' title="bbox 659 2008 1805 2087; baseline 0.001 -22"><span class='ocrx_word' id='word_1_79' title='bbox 659 2015 696 2065; x_wconf 88' lang='lat' dir='ltr'>et</span> <span class='ocrx_word' id='word_1_80' title='bbox 718 2027 756 2066; x_wconf 86' lang='lat' dir='ltr'>ex</span> <span class='ocrx_word' id='word_1_81' title='bbox 776 2008 867 2066; x_wconf 89' lang='lat' dir='ltr'>meris</span> <span class='ocrx_word' id='word_1_82' title='bbox 895 2008 1048 2084; x_wconf 78' lang='lat' dir='ltr'>codicisp</span> <span class='ocrx_word' id='word_1_83' title='bbox 1075 2009 1195 2068; x_wconf 88' lang='lat' dir='ltr'>mendis</span> <span class='ocrx_word' id='word_1_84' title='bbox 1218 2008 1435 2068; x_wconf 75' lang='lat' dir='ltr'>audacissimos</span> <span class='ocrx_word' id='word_1_85' title='bbox 1459 2017 1578 2087; x_wconf 89' lang='lat' dir='ltr'>repetat</span> <span class='ocrx_word' id='word_1_86' title='bbox 1606 2009 1805 2077; x_wconf 85' lang='lat' dir='ltr'>coniecturas,</span> 
     </span>
     <span class='ocr_line' id='line_1_11' title="bbox 657 2108 1807 2189; baseline 0 -22"><span class='ocrx_word' id='word_1_87' title='bbox 657 2108 786 2168; x_wconf 87' lang='lat' dir='ltr'>multam</span> <span class='ocrx_word' id='word_1_88' title='bbox 809 2128 846 2168; x_wconf 86' lang='lat' dir='ltr'>ea</span> <span class='ocrx_word' id='word_1_89' title='bbox 867 2130 915 2168; x_wconf 91' lang='lat' dir='ltr'>res</span> <span class='ocrx_word' id='word_1_90' title='bbox 937 2109 1051 2169; x_wconf 85' lang='lat' dir='ltr'>habeat</span> <span class='ocrx_word' id='word_1_91' title='bbox 1073 2110 1307 2169; x_wconf 88' lang='lat' dir='ltr'>dubitationem.</span> <span class='ocrx_word' id='word_1_92' title='bbox 1342 2131 1361 2185; x_wconf 73' lang='lat'><em>9</em></span> <span class='ocrx_word' id='word_1_93' title='bbox 1384 2111 1477 2188; x_wconf 78' lang='lat' dir='ltr'>igitur</span> <span class='ocrx_word' id='word_1_94' title='bbox 1498 2111 1675 2189; x_wconf 88' lang='lat' dir='ltr'>posterioris</span> <span class='ocrx_word' id='word_1_95' title='bbox 1698 2109 1807 2169; x_wconf 88' lang='lat' dir='ltr'>aetatis</span> 
     </span>
     <span class='ocr_line' id='line_1_12' title="bbox 657 2210 1808 2289; baseline 0 -21"><span class='ocrx_word' id='word_1_96' title='bbox 657 2219 694 2269; x_wconf 90' lang='lat' dir='ltr'>et</span> <span class='ocrx_word' id='word_1_97' title='bbox 715 2210 816 2269; x_wconf 91' lang='lat' dir='ltr'>multis</span> <span class='ocrx_word' id='word_1_98' title='bbox 831 2212 941 2271; x_wconf 87' lang='lat' dir='ltr'>tertiae</span> <span class='ocrx_word' id='word_1_99' title='bbox 956 2211 1091 2271; x_wconf 80' lang='lat' dir='ltr'>familiae</span> <span class='ocrx_word' id='word_1_100' title='bbox 1106 2211 1289 2270; x_wconf 87' lang='lat' dir='ltr'>lectionibus</span> <span class='ocrx_word' id='word_1_101' title='bbox 1313 2221 1471 2289; x_wconf 86' lang='lat' dir='ltr'>corruptus</span> <span class='ocrx_word' id='word_1_102' title='bbox 1494 2222 1555 2284; x_wconf 88' lang='lat' dir='ltr'>est,</span> <span class='ocrx_word' id='word_1_103' title='bbox 1588 2212 1656 2269; x_wconf 88' lang='lat' dir='ltr'>Vni</span> <span class='ocrx_word' id='word_1_104' title='bbox 1673 2210 1808 2269; x_wconf 84' lang='lat' dir='ltr'>fallimur</span> 
     </span>
     <span class='ocr_line' id='line_1_13' title="bbox 656 2306 1806 2391; baseline 0.001 -23"><span class='ocrx_word' id='word_1_105' title='bbox 656 2306 715 2386; x_wconf 84' lang='lat' dir='ltr'>(cf.</span> <span class='ocrx_word' id='word_1_106' title='bbox 739 2330 817 2390; x_wconf 86' lang='lat' dir='ltr'>quae</span> <span class='ocrx_word' id='word_1_107' title='bbox 840 2312 877 2372; x_wconf 88' lang='lat' dir='ltr'>de</span> <span class='ocrx_word' id='word_1_108' title='bbox 900 2333 965 2372; x_wconf 87' lang='lat' dir='ltr'>nar.</span> <span class='ocrx_word' id='word_1_109' title='bbox 987 2313 1058 2375; x_wconf 88' lang='lat' dir='ltr'>lect.</span> <span class='ocrx_word' id='word_1_110' title='bbox 1083 2313 1160 2372; x_wconf 83' lang='lat' dir='ltr'>d&#39;est</span> <span class='ocrx_word' id='word_1_111' title='bbox 1178 2311 1332 2391; x_wconf 82' lang='lat' dir='ltr'>Crnquius</span> <span class='ocrx_word' id='word_1_112' title='bbox 1354 2314 1455 2372; x_wconf 89' lang='lat' dir='ltr'>attulit</span> <span class='ocrx_word' id='word_1_113' title='bbox 1468 2312 1512 2389; x_wconf 72' lang='lat' dir='ltr'>*ll</span> <span class='ocrx_word' id='word_1_114' title='bbox 1537 2334 1597 2372; x_wconf 92' lang='lat' dir='ltr'>non</span> <span class='ocrx_word' id='word_1_115' title='bbox 1622 2311 1806 2372; x_wconf 88' lang='lat' dir='ltr'>admodum</span> 
     </span>
     <span class='ocr_line' id='line_1_14' title="bbox 656 2412 1806 2492; baseline -0.002 -18"><span class='ocrx_word' id='word_1_116' title='bbox 656 2412 799 2485; x_wconf 86' lang='lat' dir='ltr'>anticus,</span> <span class='ocrx_word' id='word_1_117' title='bbox 822 2422 905 2474; x_wconf 89' lang='lat' dir='ltr'>certe</span> <span class='ocrx_word' id='word_1_118' title='bbox 928 2435 991 2473; x_wconf 94' lang='lat' dir='ltr'>non</span> <span class='ocrx_word' id='word_1_119' title='bbox 1013 2416 1086 2474; x_wconf 90' lang='lat' dir='ltr'>satis</span> <span class='ocrx_word' id='word_1_120' title='bbox 1103 2425 1184 2474; x_wconf 86' lang='lat' dir='ltr'>certo</span> <span class='ocrx_word' id='word_1_121' title='bbox 1208 2412 1377 2492; x_wconf 83' lang='lat' dir='ltr'>aCruquio</span> <span class='ocrx_word' id='word_1_122' title='bbox 1401 2415 1490 2474; x_wconf 90' lang='lat' dir='ltr'>nobis</span> <span class='ocrx_word' id='word_1_123' title='bbox 1512 2414 1643 2474; x_wconf 90' lang='lat' dir='ltr'>traditus</span> <span class='ocrx_word' id='word_1_124' title='bbox 1664 2414 1806 2491; x_wconf 83' lang='lat' dir='ltr'>idemque</span> 
     </span>
     <span class='ocr_line' id='line_1_15' title="bbox 656 2514 1805 2595; baseline 0.001 -23"><span class='ocrx_word' id='word_1_125' title='bbox 656 2514 745 2572; x_wconf 89' lang='lat' dir='ltr'>tertii</span> <span class='ocrx_word' id='word_1_126' title='bbox 766 2517 889 2593; x_wconf 86' lang='lat' dir='ltr'>generis</span> <span class='ocrx_word' id='word_1_127' title='bbox 916 2514 1099 2575; x_wconf 92' lang='lat' dir='ltr'>lectionibus</span> <span class='ocrx_word' id='word_1_128' title='bbox 1127 2516 1266 2594; x_wconf 86' lang='lat' dir='ltr'>quamuis</span> <span class='ocrx_word' id='word_1_129' title='bbox 1294 2517 1395 2574; x_wconf 91' lang='lat' dir='ltr'>miuus</span> <span class='ocrx_word' id='word_1_130' title='bbox 1423 2537 1554 2595; x_wconf 69' lang='lat' dir='ltr'>quamq</span> <span class='ocrx_word' id='word_1_131' title='bbox 1581 2515 1805 2574; x_wconf 87' lang='lat' dir='ltr'>contaminatus</span> 
     </span>
     <span class='ocr_line' id='line_1_16' title="bbox 657 2616 1805 2696; baseline -0.002 -21"><span class='ocrx_word' id='word_1_132' title='bbox 657 2625 717 2675; x_wconf 90' lang='lat' dir='ltr'>est.</span> <span class='ocrx_word' id='word_1_133' title='bbox 760 2618 788 2672; x_wconf 92' lang='lat' dir='ltr'><em>B</em></span> <span class='ocrx_word' id='word_1_134' title='bbox 809 2624 840 2675; x_wconf 93' lang='lat' dir='ltr'>et</span> <span class='ocrx_word' id='word_1_135' title='bbox 863 2619 886 2675; x_wconf 81' lang='lat'><em>0</em></span> <span class='ocrx_word' id='word_1_136' title='bbox 906 2617 1090 2676; x_wconf 86' lang='lat' dir='ltr'>ruancissimi</span> <span class='ocrx_word' id='word_1_137' title='bbox 1112 2627 1196 2690; x_wconf 88' lang='lat' dir='ltr'>sunt,</span> <span class='ocrx_word' id='word_1_138' title='bbox 1227 2627 1260 2675; x_wconf 90' lang='lat' dir='ltr'>ut</span> <span class='ocrx_word' id='word_1_139' title='bbox 1282 2619 1336 2695; x_wconf 91' lang='lat' dir='ltr'>qni</span> <span class='ocrx_word' id='word_1_140' title='bbox 1359 2638 1385 2675; x_wconf 85' lang='lat' dir='ltr'>e.</span> <span class='ocrx_word' id='word_1_141' title='bbox 1409 2639 1438 2695; x_wconf 79' lang='lat' dir='ltr'>g.</span> <span class='ocrx_word' id='word_1_142' title='bbox 1463 2619 1495 2676; x_wconf 94' lang='lat' dir='ltr'>in</span> <span class='ocrx_word' id='word_1_143' title='bbox 1518 2616 1658 2696; x_wconf 82' lang='lat' dir='ltr'>epistulis</span> <span class='ocrx_word' id='word_1_144' title='bbox 1680 2635 1805 2693; x_wconf 90' lang='lat' dir='ltr'>prorsus</span> 
     </span>
     <span class='ocr_line' id='line_1_17' title="bbox 657 2714 1804 2797; baseline -0.001 -22"><span class='ocrx_word' id='word_1_145' title='bbox 657 2715 814 2777; x_wconf 87' lang='lat' dir='ltr'>deficiant.</span> <span class='ocrx_word' id='word_1_146' title='bbox 859 2726 993 2778; x_wconf 81' lang='lat' dir='ltr'>attamen</span> <span class='ocrx_word' id='word_1_147' title='bbox 1016 2719 1171 2778; x_wconf 89' lang='lat' dir='ltr'>secundae</span> <span class='ocrx_word' id='word_1_148' title='bbox 1194 2719 1330 2777; x_wconf 78' lang='lat' dir='ltr'>familiae</span> <span class='ocrx_word' id='word_1_149' title='bbox 1353 2719 1500 2777; x_wconf 90' lang='lat' dir='ltr'>lectiones</span> <span class='ocrx_word' id='word_1_150' title='bbox 1526 2738 1626 2797; x_wconf 86' lang='lat' dir='ltr'>paene</span> <span class='ocrx_word' id='word_1_151' title='bbox 1654 2714 1692 2775; x_wconf 84' lang='lat' dir='ltr'>ab</span> <span class='ocrx_word' id='word_1_152' title='bbox 1715 2717 1804 2776; x_wconf 90' lang='lat' dir='ltr'>initio</span> 
     </span>
     <span class='ocr_line' id='line_1_18' title="bbox 656 2818 1803 2898; baseline -0.003 -20"><span class='ocrx_word' id='word_1_153' title='bbox 656 2836 757 2897; x_wconf 83' lang='lat' dir='ltr'>usque</span> <span class='ocrx_word' id='word_1_154' title='bbox 784 2818 824 2878; x_wconf 85' lang='lat' dir='ltr'>ad</span> <span class='ocrx_word' id='word_1_155' title='bbox 854 2820 945 2880; x_wconf 87' lang='lat' dir='ltr'>finem</span> <span class='ocrx_word' id='word_1_156' title='bbox 968 2840 1152 2898; x_wconf 88' lang='lat' dir='ltr'>componere</span> <span class='ocrx_word' id='word_1_157' title='bbox 1174 2821 1255 2879; x_wconf 87' lang='lat' dir='ltr'>licet.</span> <span class='ocrx_word' id='word_1_158' title='bbox 1300 2819 1354 2879; x_wconf 91' lang='lat' dir='ltr'>sed</span> <span class='ocrx_word' id='word_1_159' title='bbox 1382 2820 1434 2898; x_wconf 84' lang='lat' dir='ltr'>qui</span> <span class='ocrx_word' id='word_1_160' title='bbox 1457 2820 1547 2878; x_wconf 88' lang='lat' dir='ltr'>altius</span> <span class='ocrx_word' id='word_1_161' title='bbox 1574 2839 1638 2877; x_wconf 91' lang='lat' dir='ltr'>rem</span> <span class='ocrx_word' id='word_1_162' title='bbox 1661 2818 1803 2897; x_wconf 87' lang='lat' dir='ltr'>inquiret,</span> 
     </span>
     <span class='ocr_line' id='line_1_19' title="bbox 657 2917 1804 3000; baseline 0.002 -24"><span class='ocrx_word' id='word_1_163' title='bbox 657 2918 745 2997; x_wconf 84' lang='lat' dir='ltr'>quod</span> <span class='ocrx_word' id='word_1_164' title='bbox 765 2920 797 2977; x_wconf 94' lang='lat' dir='ltr'>in</span> <span class='ocrx_word' id='word_1_165' title='bbox 820 2921 909 2999; x_wconf 86' lang='lat' dir='ltr'>primi</span> <span class='ocrx_word' id='word_1_166' title='bbox 932 2921 1098 2980; x_wconf 86' lang='lat' dir='ltr'>uoluminis</span> <span class='ocrx_word' id='word_1_167' title='bbox 1120 2922 1314 3000; x_wconf 83' lang='lat' dir='ltr'>praefatione</span> <span class='ocrx_word' id='word_1_168' title='bbox 1342 2921 1508 2981; x_wconf 88' lang='lat' dir='ltr'>uernacule</span> <span class='ocrx_word' id='word_1_169' title='bbox 1531 2921 1704 2998; x_wconf 87' lang='lat' dir='ltr'>conscripta</span> <span class='ocrx_word' id='word_1_170' title='bbox 1727 2917 1804 2994; x_wconf 91' lang='lat' dir='ltr'>(uid.</span> 
     </span>
     <span class='ocr_line' id='line_1_20' title="bbox 659 3019 1803 3100; baseline 0.002 -23"><span class='ocrx_word' id='word_1_171' title='bbox 659 3039 738 3080; x_wconf 90' lang='lat' dir='ltr'>mus.</span> <span class='ocrx_word' id='word_1_172' title='bbox 761 3019 861 3081; x_wconf 88' lang='lat' dir='ltr'>Rhen.</span> <span class='ocrx_word' id='word_1_173' title='bbox 879 3022 993 3082; x_wconf 90' lang='lat' dir='ltr'>XVIII</span> <span class='ocrx_word' id='word_1_174' title='bbox 1017 3022 1206 3100; x_wconf 80' lang='lat'>211-227)</span> <span class='ocrx_word' id='word_1_175' title='bbox 1229 3023 1320 3083; x_wconf 89' lang='lat' dir='ltr'>huius</span> <span class='ocrx_word' id='word_1_176' title='bbox 1343 3024 1448 3083; x_wconf 90' lang='lat' dir='ltr'>classis</span> <span class='ocrx_word' id='word_1_177' title='bbox 1472 3024 1587 3082; x_wconf 87' lang='lat' dir='ltr'>fontem</span> <span class='ocrx_word' id='word_1_178' title='bbox 1610 3041 1678 3091; x_wconf 83' lang='lat' dir='ltr'>esse</span> <span class='ocrx_word' id='word_1_179' title='bbox 1699 3040 1803 3081; x_wconf 88' lang='lat' dir='ltr'>recen-</span> 
     </span>
     <span class='ocr_line' id='line_1_21' title="bbox 657 3120 1804 3202; baseline 0.003 -24"><span class='ocrx_word' id='word_1_180' title='bbox 657 3120 776 3180; x_wconf 85' lang='lat' dir='ltr'>sionem</span> <span class='ocrx_word' id='word_1_181' title='bbox 799 3142 858 3202; x_wconf 89' lang='lat' dir='ltr'>opo</span> <span class='ocrx_word' id='word_1_182' title='bbox 879 3124 970 3183; x_wconf 90' lang='lat' dir='ltr'>unius</span> <span class='ocrx_word' id='word_1_183' title='bbox 993 3125 1026 3182; x_wconf 90' lang='lat' dir='ltr'>ni</span> <span class='ocrx_word' id='word_1_184' title='bbox 1049 3124 1184 3183; x_wconf 84' lang='lat' dir='ltr'>fallimur</span> <span class='ocrx_word' id='word_1_185' title='bbox 1211 3125 1285 3183; x_wconf 92' lang='lat' dir='ltr'>honi</span> <span class='ocrx_word' id='word_1_186' title='bbox 1307 3125 1377 3184; x_wconf 92' lang='lat' dir='ltr'>libri</span> <span class='ocrx_word' id='word_1_187' title='bbox 1399 3124 1438 3184; x_wconf 90' lang='lat' dir='ltr'>ah</span> <span class='ocrx_word' id='word_1_188' title='bbox 1461 3124 1577 3184; x_wconf 81' lang='lat' dir='ltr'>audace</span> <span class='ocrx_word' id='word_1_189' title='bbox 1599 3124 1724 3202; x_wconf 90' lang='lat' dir='ltr'>quidem</span> <span class='ocrx_word' id='word_1_190' title='bbox 1747 3143 1804 3182; x_wconf 92' lang='lat' dir='ltr'>nec</span> 
     </span>
     <span class='ocr_line' id='line_1_22' title="bbox 658 3224 1803 3302; baseline 0.003 -22"><span class='ocrx_word' id='word_1_191' title='bbox 658 3241 733 3281; x_wconf 91' lang='lat' dir='ltr'>nero</span> <span class='ocrx_word' id='word_1_192' title='bbox 764 3224 943 3302; x_wconf 86' lang='lat' dir='ltr'>inprudenti</span> <span class='ocrx_word' id='word_1_193' title='bbox 973 3226 1172 3286; x_wconf 86' lang='lat' dir='ltr'>emendatore</span> <span class='ocrx_word' id='word_1_194' title='bbox 1200 3227 1372 3287; x_wconf 84' lang='lat' dir='ltr'>contectam</span> <span class='ocrx_word' id='word_1_195' title='bbox 1390 3224 1535 3299; x_wconf 80' lang='lat' dir='ltr'>diximus,</span> <span class='ocrx_word' id='word_1_196' title='bbox 1565 3224 1597 3285; x_wconf 92' lang='lat' dir='ltr'>id</span> <span class='ocrx_word' id='word_1_197' title='bbox 1626 3224 1664 3284; x_wconf 89' lang='lat' dir='ltr'>de</span> <span class='ocrx_word' id='word_1_198' title='bbox 1692 3244 1803 3284; x_wconf 91' lang='lat' dir='ltr'>sermo-</span> 
     </span>
     <span class='ocr_line' id='line_1_23' title="bbox 659 3323 1803 3407; baseline 0.003 -25"><span class='ocrx_word' id='word_1_199' title='bbox 659 3323 751 3382; x_wconf 84' lang='lat' dir='ltr'>nibus</span> <span class='ocrx_word' id='word_1_200' title='bbox 773 3325 896 3405; x_wconf 83' lang='lat' dir='ltr'>qnoquo</span> <span class='ocrx_word' id='word_1_201' title='bbox 924 3328 1062 3407; x_wconf 85' lang='lat' dir='ltr'>epistulis</span> <span class='ocrx_word' id='word_1_202' title='bbox 1091 3336 1156 3387; x_wconf 87' lang='lat' dir='ltr'>arte</span> <span class='ocrx_word' id='word_1_203' title='bbox 1184 3331 1305 3406; x_wconf 87' lang='lat' dir='ltr'>poetica</span> <span class='ocrx_word' id='word_1_204' title='bbox 1332 3349 1405 3388; x_wconf 90' lang='lat' dir='ltr'>uere</span> <span class='ocrx_word' id='word_1_205' title='bbox 1429 3328 1541 3386; x_wconf 90' lang='lat' dir='ltr'>dictum</span> <span class='ocrx_word' id='word_1_206' title='bbox 1565 3347 1631 3387; x_wconf 89' lang='lat' dir='ltr'>esse</span> <span class='ocrx_word' id='word_1_207' title='bbox 1653 3327 1803 3387; x_wconf 88' lang='lat' dir='ltr'>inueniet.</span> 
     </span>
     <span class='ocr_line' id='line_1_24' title="bbox 658 3425 1803 3508; baseline 0.003 -25"><span class='ocrx_word' id='word_1_208' title='bbox 658 3425 741 3484; x_wconf 90' lang='lat' dir='ltr'>hunc</span> <span class='ocrx_word' id='word_1_209' title='bbox 768 3436 870 3487; x_wconf 86' lang='lat' dir='ltr'>autem</span> <span class='ocrx_word' id='word_1_210' title='bbox 897 3430 1125 3488; x_wconf 81' lang='lat' dir='ltr'>emendatorem</span> <span class='ocrx_word' id='word_1_211' title='bbox 1154 3426 1207 3505; x_wconf 83' lang='lat' dir='ltr'>(cf.</span> <span class='ocrx_word' id='word_1_212' title='bbox 1230 3430 1302 3489; x_wconf 82' lang='lat' dir='ltr'>Aer.</span> <span class='ocrx_word' id='word_1_213' title='bbox 1326 3432 1358 3489; x_wconf 89' lang='lat' dir='ltr'>in</span> <span class='ocrx_word' id='word_1_214' title='bbox 1386 3439 1536 3508; x_wconf 85' lang='lat' dir='ltr'>apparatu</span> <span class='ocrx_word' id='word_1_215' title='bbox 1565 3438 1668 3487; x_wconf 91' lang='lat' dir='ltr'>nostro</span> <span class='ocrx_word' id='word_1_216' title='bbox 1699 3429 1803 3487; x_wconf 87' lang='lat' dir='ltr'>critico</span> 
     </span>
     <span class='ocr_line' id='line_1_25' title="bbox 658 3527 1803 3609; baseline 0.004 -24"><span class='ocrx_word' id='word_1_217' title='bbox 658 3527 699 3585; x_wconf 89' lang='lat' dir='ltr'>ad</span> <span class='ocrx_word' id='word_1_218' title='bbox 721 3537 776 3588; x_wconf 86' lang='lat' dir='ltr'>art.</span> <span class='ocrx_word' id='word_1_219' title='bbox 799 3538 882 3607; x_wconf 89' lang='lat' dir='ltr'>poet.</span> <span class='ocrx_word' id='word_1_220' title='bbox 904 3528 980 3609; x_wconf 83' lang='grc'>345)</span> <span class='ocrx_word' id='word_1_221' title='bbox 1002 3552 1097 3590; x_wconf 91' lang='lat' dir='ltr'>unum</span> <span class='ocrx_word' id='word_1_222' title='bbox 1112 3531 1209 3590; x_wconf 89' lang='lat' dir='ltr'>solum</span> <span class='ocrx_word' id='word_1_223' title='bbox 1224 3532 1336 3591; x_wconf 88' lang='lat' dir='ltr'>librum</span> <span class='ocrx_word' id='word_1_224' title='bbox 1358 3541 1430 3590; x_wconf 92' lang='lat' dir='ltr'>aute</span> <span class='ocrx_word' id='word_1_225' title='bbox 1453 3531 1556 3590; x_wconf 89' lang='lat' dir='ltr'>oculos</span> <span class='ocrx_word' id='word_1_226' title='bbox 1571 3530 1715 3589; x_wconf 88' lang='lat' dir='ltr'>habuisse</span> <span class='ocrx_word' id='word_1_227' title='bbox 1731 3531 1803 3590; x_wconf 90' lang='lat' dir='ltr'>inde</span> 
     </span>
     <span class='ocr_line' id='line_1_26' title="bbox 659 3629 1803 3711; baseline 0.003 -24"><span class='ocrx_word' id='word_1_228' title='bbox 659 3629 876 3704; x_wconf 83' lang='lat' dir='ltr'>conclusimus,</span> <span class='ocrx_word' id='word_1_229' title='bbox 901 3632 985 3710; x_wconf 92' lang='lat' dir='ltr'>quod</span> <span class='ocrx_word' id='word_1_230' title='bbox 1006 3653 1071 3692; x_wconf 88' lang='lat' dir='ltr'>uar.</span> <span class='ocrx_word' id='word_1_231' title='bbox 1095 3633 1165 3693; x_wconf 88' lang='lat' dir='ltr'>lect.</span> <span class='ocrx_word' id='word_1_232' title='bbox 1188 3654 1276 3695; x_wconf 83' lang='lat' dir='ltr'>serm,</span> <span class='ocrx_word' id='word_1_233' title='bbox 1300 3633 1316 3691; x_wconf 92' lang='lat' dir='ltr'>I</span> <span class='ocrx_word' id='word_1_234' title='bbox 1339 3636 1372 3706; x_wconf 88' lang='grc'>6,</span> <span class='ocrx_word' id='word_1_235' title='bbox 1399 3634 1458 3691; x_wconf 79' lang='lat'>126</span> <span class='ocrx_word' id='word_1_236' title='bbox 1482 3652 1621 3711; x_wconf 86' lang='lat' dir='ltr'>campum</span> <span class='ocrx_word' id='word_1_237' title='bbox 1642 3633 1803 3709; x_wconf 79' lang='lat' dir='ltr'>lusumque</span> 
     </span>
     <span class='ocr_line' id='line_1_27' title="bbox 657 3731 1801 3813; baseline 0.003 -26"><span class='ocrx_word' id='word_1_238' title='bbox 657 3731 809 3807; x_wconf 81' lang='lat' dir='ltr'>trigonum</span> <span class='ocrx_word' id='word_1_239' title='bbox 831 3734 883 3791; x_wconf 84' lang='lat' dir='ltr'>uix</span> <span class='ocrx_word' id='word_1_240' title='bbox 905 3733 995 3793; x_wconf 87' lang='lat' dir='ltr'>aliter</span> <span class='ocrx_word' id='word_1_241' title='bbox 1017 3735 1156 3813; x_wconf 78' lang='lat' dir='ltr'>intellegi</span> <span class='ocrx_word' id='word_1_242' title='bbox 1184 3744 1299 3813; x_wconf 88' lang='lat' dir='ltr'>potest,</span> <span class='ocrx_word' id='word_1_243' title='bbox 1329 3754 1420 3813; x_wconf 90' lang='lat' dir='ltr'>quam</span> <span class='ocrx_word' id='word_1_244' title='bbox 1448 3754 1486 3792; x_wconf 86' lang='lat' dir='ltr'>ex</span> <span class='ocrx_word' id='word_1_245' title='bbox 1513 3754 1550 3792; x_wconf 90' lang='lat' dir='ltr'>ea</span> <span class='ocrx_word' id='word_1_246' title='bbox 1579 3734 1645 3811; x_wconf 89' lang='lat' dir='ltr'>ipsa</span> <span class='ocrx_word' id='word_1_247' title='bbox 1673 3734 1801 3806; x_wconf 86' lang='lat' dir='ltr'>ratione,</span> 
     </span>
     <span class='ocr_line' id='line_1_28' title="bbox 656 3832 1801 3914; baseline 0.002 -24"><span class='ocrx_word' id='word_1_248' title='bbox 656 3832 741 3910; x_wconf 84' lang='lat' dir='ltr'>quod</span> <span class='ocrx_word' id='word_1_249' title='bbox 763 3833 796 3892; x_wconf 92' lang='lat' dir='ltr'>in</span> <span class='ocrx_word' id='word_1_250' title='bbox 818 3855 880 3894; x_wconf 88' lang='lat' dir='ltr'>uno</span> <span class='ocrx_word' id='word_1_251' title='bbox 903 3855 994 3914; x_wconf 89' lang='lat' dir='ltr'>quem</span> <span class='ocrx_word' id='word_1_252' title='bbox 1016 3836 1155 3895; x_wconf 87' lang='lat' dir='ltr'>manibus</span> <span class='ocrx_word' id='word_1_253' title='bbox 1176 3838 1320 3896; x_wconf 86' lang='lat' dir='ltr'>tractauit</span> <span class='ocrx_word' id='word_1_254' title='bbox 1341 3835 1419 3895; x_wconf 91' lang='lat' dir='ltr'>libro</span> <span class='ocrx_word' id='word_1_255' title='bbox 1442 3856 1516 3893; x_wconf 87' lang='lat' dir='ltr'>uera</span> <span class='ocrx_word' id='word_1_256' title='bbox 1538 3834 1633 3893; x_wconf 88' lang='lat' dir='ltr'>uerha</span> <span class='ocrx_word' id='word_1_257' title='bbox 1654 3833 1716 3911; x_wconf 81' lang='lat' dir='ltr'>legi</span> <span class='ocrx_word' id='word_1_258' title='bbox 1739 3855 1801 3893; x_wconf 89' lang='lat' dir='ltr'>non</span> 
     </span>
     <span class='ocr_line' id='line_1_29' title="bbox 656 3932 1803 4015; baseline 0.003 -25"><span class='ocrx_word' id='word_1_259' title='bbox 656 3941 817 4012; x_wconf 87' lang='lat' dir='ltr'>poteraut,</span> <span class='ocrx_word' id='word_1_260' title='bbox 847 3936 969 4015; x_wconf 89' lang='lat' dir='ltr'>quade</span> <span class='ocrx_word' id='word_1_261' title='bbox 997 3958 1030 3997; x_wconf 92' lang='lat' dir='ltr'>re</span> <span class='ocrx_word' id='word_1_262' title='bbox 1054 3939 1092 3997; x_wconf 86' lang='lat' dir='ltr'>cf.</span> <span class='ocrx_word' id='word_1_263' title='bbox 1116 3959 1222 3998; x_wconf 88' lang='lat' dir='ltr'>uersus</span> <span class='ocrx_word' id='word_1_264' title='bbox 1249 3938 1407 3997; x_wconf 86' lang='lat' dir='ltr'>quenalis</span> <span class='ocrx_word' id='word_1_265' title='bbox 1434 3959 1458 3996; x_wconf 93' lang='lat' dir='ltr'>s.</span> <span class='ocrx_word' id='word_1_266' title='bbox 1482 3939 1510 4007; x_wconf 82' lang='lat'>7,</span> <span class='ocrx_word' id='word_1_267' title='bbox 1534 3937 1595 3992; x_wconf 72' lang='lat' dir='ltr'>‘ras</span> <span class='ocrx_word' id='word_1_268' title='bbox 1618 3954 1681 4012; x_wconf 89' lang='lat' dir='ltr'>sq.:</span> <span class='ocrx_word' id='word_1_269' title='bbox 1711 3932 1803 4013; x_wconf 76' lang='lat' dir='ltr'>‘quot</span> 
     </span>
     <span class='ocr_line' id='line_1_30' title="bbox 655 4032 1801 4115; baseline 0 -21"><span class='ocrx_word' id='word_1_270' title='bbox 655 4032 782 4113; x_wconf 81' lang='lat' dir='ltr'>stabant</span> <span class='ocrx_word' id='word_1_271' title='bbox 803 4039 900 4114; x_wconf 84' lang='lat' dir='ltr'>pnerI,</span> <span class='ocrx_word' id='word_1_272' title='bbox 924 4057 992 4097; x_wconf 90' lang='lat' dir='ltr'>cum</span> <span class='ocrx_word' id='word_1_273' title='bbox 1014 4048 1095 4099; x_wconf 86' lang='lat' dir='ltr'>totus</span> <span class='ocrx_word' id='word_1_274' title='bbox 1119 4040 1243 4100; x_wconf 88' lang='lat' dir='ltr'>decolor</span> <span class='ocrx_word' id='word_1_275' title='bbox 1265 4049 1346 4099; x_wconf 87' lang='lat' dir='ltr'>esset</span> <span class='ocrx_word' id='word_1_276' title='bbox 1360 4038 1489 4097; x_wconf 84' lang='lat' dir='ltr'>Flaccus</span> <span class='ocrx_word' id='word_1_277' title='bbox 1512 4047 1543 4097; x_wconf 90' lang='lat' dir='ltr'>ot</span> <span class='ocrx_word' id='word_1_278' title='bbox 1557 4038 1698 4095; x_wconf 88' lang='lat' dir='ltr'>haereret</span> <span class='ocrx_word' id='word_1_279' title='bbox 1713 4037 1801 4115; x_wconf 84' lang='lat' dir='ltr'>nigro</span> 
     </span>
     <span class='ocr_line' id='line_1_31' title="bbox 655 4134 1801 4220; baseline 0.003 -27"><span class='ocrx_word' id='word_1_280' title='bbox 655 4134 756 4214; x_wconf 80' lang='lat' dir='ltr'>fuligo</span> <span class='ocrx_word' id='word_1_281' title='bbox 779 4137 929 4212; x_wconf 81' lang='lat' dir='ltr'>Maroni,&#39;</span> <span class='ocrx_word' id='word_1_282' title='bbox 957 4160 1015 4199; x_wconf 91' lang='lat' dir='ltr'>nec</span> <span class='ocrx_word' id='word_1_283' title='bbox 1038 4142 1192 4213; x_wconf 88' lang='lat' dir='ltr'>inmerito,</span> <span class='ocrx_word' id='word_1_284' title='bbox 1223 4142 1306 4220; x_wconf 89' lang='lat' dir='ltr'>quod</span> <span class='ocrx_word' id='word_1_285' title='bbox 1335 4138 1538 4218; x_wconf 89' lang='lat' dir='ltr'>compluribus</span> <span class='ocrx_word' id='word_1_286' title='bbox 1571 4148 1708 4198; x_wconf 86' lang='lat' dir='ltr'>ueterum</span> <span class='ocrx_word' id='word_1_287' title='bbox 1731 4139 1801 4197; x_wconf 86' lang='lat' dir='ltr'>seri·</span> 
     </span>
     <span class='ocr_line' id='line_1_32' title="bbox 655 4238 1800 4320; baseline 0.002 -24"><span class='ocrx_word' id='word_1_288' title='bbox 655 4245 778 4316; x_wconf 90' lang='lat' dir='ltr'>ptorum</span> <span class='ocrx_word' id='word_1_289' title='bbox 805 4238 962 4300; x_wconf 87' lang='lat' dir='ltr'>codicibus</span> <span class='ocrx_word' id='word_1_290' title='bbox 989 4242 1138 4303; x_wconf 87' lang='lat' dir='ltr'>accidisse</span> <span class='ocrx_word' id='word_1_291' title='bbox 1167 4252 1299 4315; x_wconf 91' lang='lat' dir='ltr'>constat,</span> <span class='ocrx_word' id='word_1_292' title='bbox 1330 4243 1499 4320; x_wconf 77' lang='lat' dir='ltr'>marginem</span> <span class='ocrx_word' id='word_1_293' title='bbox 1527 4241 1709 4319; x_wconf 82' lang='lat' dir='ltr'>exemplaris</span> <span class='ocrx_word' id='word_1_294' title='bbox 1738 4262 1800 4298; x_wconf 90' lang='lat' dir='ltr'>non</span> 
     </span>
     <span class='ocr_line' id='line_1_33' title="bbox 655 4340 1802 4422; baseline 0.003 -26"><span class='ocrx_word' id='word_1_295' title='bbox 655 4340 811 4418; x_wconf 81' lang='lat' dir='ltr'>integrum</span> <span class='ocrx_word' id='word_1_296' title='bbox 838 4342 934 4402; x_wconf 81' lang='lat' dir='ltr'>fuisse</span> <span class='ocrx_word' id='word_1_297' title='bbox 962 4346 1136 4422; x_wconf 87' lang='lat' dir='ltr'>suspiceris.</span> <span class='ocrx_word' id='word_1_298' title='bbox 1186 4347 1229 4404; x_wconf 89' lang='lat' dir='ltr'>ita</span> <span class='ocrx_word' id='word_1_299' title='bbox 1261 4347 1364 4403; x_wconf 84' lang='lat' dir='ltr'>uarias</span> <span class='ocrx_word' id='word_1_300' title='bbox 1396 4345 1544 4404; x_wconf 85' lang='lat' dir='ltr'>lectiones</span> <span class='ocrx_word' id='word_1_301' title='bbox 1576 4344 1607 4400; x_wconf 90' lang='lat' dir='ltr'>in</span> <span class='ocrx_word' id='word_1_302' title='bbox 1636 4343 1741 4421; x_wconf 88' lang='lat' dir='ltr'>primis</span> <span class='ocrx_word' id='word_1_303' title='bbox 1771 4351 1802 4400; x_wconf 90' lang='lat' dir='ltr'>et</span> 
     </span>
     <span class='ocr_line' id='line_1_34' title="bbox 655 4442 1801 4524; baseline 0.002 -25"><span class='ocrx_word' id='word_1_304' title='bbox 655 4442 800 4502; x_wconf 84' lang='lat' dir='ltr'>extremis</span> <span class='ocrx_word' id='word_1_305' title='bbox 822 4443 924 4504; x_wconf 88' lang='lat' dir='ltr'>uerbis</span> <span class='ocrx_word' id='word_1_306' title='bbox 947 4448 1132 4506; x_wconf 86' lang='lat' dir='ltr'>occurrentis</span> <span class='ocrx_word' id='word_1_307' title='bbox 1155 4447 1300 4506; x_wconf 85' lang='lat' dir='ltr'>facillime</span> <span class='ocrx_word' id='word_1_308' title='bbox 1328 4446 1530 4524; x_wconf 81' lang='lat' dir='ltr'>explicaueris</span> <span class='ocrx_word' id='word_1_309' title='bbox 1552 4452 1599 4503; x_wconf 91' lang='lat' dir='ltr'>nt:</span> <span class='ocrx_word' id='word_1_310' title='bbox 1630 4444 1737 4502; x_wconf 86' lang='lat' dir='ltr'>Dulcis</span> <span class='ocrx_word' id='word_1_311' title='bbox 1760 4476 1801 4485; x_wconf 94' lang='lat'>-</span> 
     </span>
     <span class='ocr_line' id='line_1_35' title="bbox 654 4541 1799 4624; baseline 0.004 -25"><span class='ocrx_word' id='word_1_312' title='bbox 654 4541 1030 4624; x_wconf 82' lang='lat' dir='ltr'>Iugisepist.115,16.</span> <span class='ocrx_word' id='word_1_313' title='bbox 1067 4547 1262 4607; x_wconf 89' lang='lat' dir='ltr'>Praeseetum</span> <span class='ocrx_word' id='word_1_314' title='bbox 1287 4579 1324 4587; x_wconf 95' lang='lat'><em>-</em></span> <span class='ocrx_word' id='word_1_315' title='bbox 1349 4547 1524 4607; x_wconf 88' lang='lat' dir='ltr'>Perfectum</span> <span class='ocrx_word' id='word_1_316' title='bbox 1547 4555 1603 4604; x_wconf 87' lang='lat' dir='ltr'>art.</span> <span class='ocrx_word' id='word_1_317' title='bbox 1627 4555 1709 4624; x_wconf 91' lang='lat' dir='ltr'>poet.</span> <span class='ocrx_word' id='word_1_318' title='bbox 1727 4546 1799 4604; x_wconf 77' lang='lat'><strong>294.</strong></span> 
     </span>
     <span class='ocr_line' id='line_1_36' title="bbox 656 4642 1800 4728; baseline 0.004 -27"><span class='ocrx_word' id='word_1_319' title='bbox 656 4642 767 4718; x_wconf 89' lang='lat' dir='ltr'>opimis</span> <span class='ocrx_word' id='word_1_320' title='bbox 796 4680 834 4689; x_wconf 97' lang='lat'>-</span> <span class='ocrx_word' id='word_1_321' title='bbox 863 4647 1001 4709; x_wconf 87' lang='lat' dir='ltr'>honestis</span> <span class='ocrx_word' id='word_1_322' title='bbox 1030 4649 1231 4728; x_wconf 81' lang='lat' dir='ltr'>epist.112,</span> <span class='ocrx_word' id='word_1_323' title='bbox 1256 4651 1305 4707; x_wconf 78' lang='lat'>32.</span> <span class='ocrx_word' id='word_1_324' title='bbox 1351 4668 1409 4708; x_wconf 90' lang='lat' dir='ltr'>nec</span> <span class='ocrx_word' id='word_1_325' title='bbox 1436 4648 1486 4706; x_wconf 87' lang='lat' dir='ltr'>hio</span> <span class='ocrx_word' id='word_1_326' title='bbox 1515 4646 1639 4725; x_wconf 87' lang='lat' dir='ltr'>quidem</span> <span class='ocrx_word' id='word_1_327' title='bbox 1667 4647 1800 4706; x_wconf 87' lang='lat' dir='ltr'>famosus</span> 
     </span>
    </p>
   </div>
   <div class='ocr_carea' id='block_1_3' title="bbox 659 4797 885 4809">
    <p class='ocr_par' dir='ltr' id='par_1_3' title="bbox 659 4797 885 4809">
     <span class='ocr_line' id='line_1_37' title="bbox 659 4797 885 4809; baseline 0.018 -5"><span class='ocrx_word' id='word_1_328' title='bbox 659 4798 667 4804; x_wconf 88' lang='lat'>-</span> <span class='ocrx_word' id='word_1_329' title='bbox 674 4797 885 4809; x_wconf 68' lang='lat' dir='ltr'>——un—-———</span> 
     </span>
    </p>
   </div>
   <div class='ocr_carea' id='block_1_4' title="bbox 655 4894 1800 5119">
    <p class='ocr_par' dir='ltr' id='par_1_4' title="bbox 655 4894 1800 5119">
     <span class='ocr_line' id='line_1_38' title="bbox 723 4894 1800 4967; baseline -0.004 -17"><span class='ocrx_word' id='word_1_330' title='bbox 723 4894 749 4962; x_wconf 70' lang='lat'>&#39;)</span> <span class='ocrx_word' id='word_1_331' title='bbox 771 4899 808 4950; x_wconf 81' lang='lat' dir='ltr'>sd</span> <span class='ocrx_word' id='word_1_332' title='bbox 832 4901 913 4965; x_wconf 88' lang='lat' dir='ltr'>epist.</span> <span class='ocrx_word' id='word_1_333' title='bbox 935 4902 948 4951; x_wconf 94' lang='lat' dir='ltr'>I</span> <span class='ocrx_word' id='word_1_334' title='bbox 968 4903 1013 4963; x_wconf 79' lang='lat'>12,</span> <span class='ocrx_word' id='word_1_335' title='bbox 1032 4903 1064 4951; x_wconf 74' lang='lat' dir='ltr'>‘It</span> <span class='ocrx_word' id='word_1_336' title='bbox 1089 4919 1153 4967; x_wconf 77' lang='lat' dir='ltr'>pag.</span> <span class='ocrx_word' id='word_1_337' title='bbox 1172 4903 1221 4952; x_wconf 78' lang='lat'>556</span> <span class='ocrx_word' id='word_1_338' title='bbox 1245 4902 1288 4953; x_wconf 86' lang='lat' dir='ltr'>ed.</span> <span class='ocrx_word' id='word_1_339' title='bbox 1312 4903 1390 4951; x_wconf 76' lang='lat'>1578:</span> <span class='ocrx_word' id='word_1_340' title='bbox 1419 4898 1535 4955; x_wconf 83' lang='lat' dir='ltr'>‘uurhir,</span> <span class='ocrx_word' id='word_1_341' title='bbox 1560 4896 1652 4955; x_wconf 86' lang='lat' dir='ltr'>deest,</span> <span class='ocrx_word' id='word_1_342' title='bbox 1676 4898 1747 4962; x_wconf 84' lang='lat' dir='ltr'>quod</span> <span class='ocrx_word' id='word_1_343' title='bbox 1771 4899 1800 4947; x_wconf 89' lang='lat' dir='ltr'>in</span> 
     </span>
     <span class='ocr_line' id='line_1_39' title="bbox 655 4982 1800 5052; baseline 0.002 -22"><span class='ocrx_word' id='word_1_344' title='bbox 655 4983 803 5049; x_wconf 78' lang='lat' dir='ltr'>antiquiss.</span> <span class='ocrx_word' id='word_1_345' title='bbox 820 4985 881 5036; x_wconf 87' lang='lat' dir='ltr'>eod.</span> <span class='ocrx_word' id='word_1_346' title='bbox 895 4984 973 5040; x_wconf 91' lang='lat' dir='ltr'>Blan.</span> <span class='ocrx_word' id='word_1_347' title='bbox 993 4992 1173 5052; x_wconf 87' lang='lat' dir='ltr'>syncopatum</span> <span class='ocrx_word' id='word_1_348' title='bbox 1187 4986 1298 5052; x_wconf 78' lang='lat' dir='ltr'>legitur,</span> <span class='ocrx_word' id='word_1_349' title='bbox 1317 4987 1399 5043; x_wconf 86' lang='lat' dir='ltr'>d&#39;est,</span> <span class='ocrx_word' id='word_1_350' title='bbox 1419 5000 1480 5033; x_wconf 91' lang='lat' dir='ltr'>cum</span> <span class='ocrx_word' id='word_1_351' title='bbox 1492 4982 1661 5047; x_wconf 84' lang='lat' dir='ltr'>apostrophe</span> <span class='ocrx_word' id='word_1_352' title='bbox 1681 4998 1764 5048; x_wconf 86' lang='lat' dir='ltr'>supra</span> <span class='ocrx_word' id='word_1_353' title='bbox 1783 4983 1800 5032; x_wconf 85' lang='lat' dir='ltr'>d</span> 
     </span>
     <span class='ocr_line' id='line_1_40' title="bbox 655 5065 802 5119; baseline 0.014 -2"><span class='ocrx_word' id='word_1_354' title='bbox 655 5065 802 5119; x_wconf 63' lang='lat' dir='ltr'>litteram</span> 
     </span>
    </p>
   </div>
   <div class='ocr_carea' id='block_1_5' title="bbox 708 5169 1647 5223">
    <p class='ocr_par' dir='ltr' id='par_1_5' title="bbox 708 5169 1647 5223">
     <span class='ocr_line' id='line_1_41' title="bbox 708 5169 1647 5223; baseline -0.004 -2"><span class='ocrx_word' id='word_1_355' title='bbox 708 5184 849 5222; x_wconf 74' lang='lat' dir='ltr'>sessuros</span> <span class='ocrx_word' id='word_1_356' title='bbox 868 5186 893 5223; x_wconf 86' lang='lat'>11</span> <span class='ocrx_word' id='word_1_357' title='bbox 911 5184 924 5223; x_wconf 82' lang='lat' dir='ltr'>s</span> <span class='ocrx_word' id='word_1_358' title='bbox 1630 5169 1647 5217; x_wconf 94' lang='lat' dir='ltr'>b</span> 
     </span>
    </p>
   </div>
   <div class='ocr_carea' id='block_1_6' title="bbox 0 0 2580 6362">
    <p class='ocr_par' dir='ltr' id='par_1_6' title="bbox 0 0 2580 6362">
     <span class='ocr_line' id='line_1_42' title="bbox 0 0 2580 6362; baseline 0 0"><span class='ocrx_word' id='word_1_359' title='bbox 0 0 2580 6362; x_wconf 95' lang='lat' dir='ltr'> </span> 
     </span>
    </p>
   </div>
  </div>
 </body>
</html>
