5150 6367
1227 1035 1395 1076 Pttsnr's'rls
1397 1041 1403 1071 l
1830 1038 1881 1078 ΧΙΧ

722 1204 866 1262 nerunt!
904 1209 936 1261 et
966 1202 1091 1281 quando
1124 1205 1248 1264 tandem
1281 1205 1351 1263 finis
1386 1205 1445 1261 erit
1478 1203 1509 1261 iu
1544 1223 1636 1262 utram
1664 1205 1881 1283 omuia'quasi

721 1303 878 1384 copulam
899 1303 1074 1363 coniciendi
1102 1313 1133 1363 et
1155 1306 1187 1363 in
1210 1305 1321 1364 Horati
1348 1305 1484 1364 earmina
1512 1306 1695 1364 coniecturis
1723 1306 1881 1365 oneranda

720 1405 886 1466 acuminis
908 1404 989 1464 uires
1012 1404 1236 1483 profundendi,
1269 1407 1352 1485 qued
1375 1407 1415 1466 ad
1437 1414 1597 1465 sexcentos
1620 1406 1696 1464 alies
1718 1407 1882 1486 scriptores

719 1506 945 1568 restituendos
969 1506 1061 1585 longe
1090 1506 1194 1566 utilius
1223 1517 1254 1566 et
1282 1508 1455 1587 exoptatius
1479 1510 1540 1565 cst!
1574 1516 1710 1566 ceterum
1737 1510 1881 1586 queniam

720 1607 991 1670 exercitationum
1012 1608 1120 1687 quales
1143 1609 1174 1667 in
1191 1609 1384 1688 philologieis
1407 1628 1486 1686 quae
1509 1609 1616 1668 dicunt
1630 1609 1801 1669 seminariis
1816 1610 1881 1669 ficri

719 1710 852 1782 uolent,
886 1707 997 1788 quibus
1024 1711 1106 1770 inter
1138 1712 1325 1788 gratissimos
1359 1719 1389 1768 et
1422 1710 1462 1769 ad
1492 1709 1673 1770 discendum
1705 1710 1881 1770 utilissimos

719 1819 845 1891 poetas
859 1811 1007 1871 Horatius
1028 1814 1237 1890 compererit,
1261 1813 1423 1872 maximam
1444 1810 1632 1871 habebamus
1655 1811 1819 1884 rationem,
1844 1830 1882 1871 ex

722 1912 857 1992 ingenti
877 1914 1120 1972 coniecturarum
1135 1915 1224 1992 eopia
1239 1914 1291 1972 uel
1306 1914 1383 1972 silua
1400 1932 1476 1992 quas
1491 1913 1653 1973 Bentleius
1667 1912 1790 1972 Heinsii
1805 1913 1881 1972 Bur·

722 2033 882 2084 mannus,
911 2032 1012 2094 nuper
1033 2012 1200 2092 Gruppeus
1231 2015 1377 2074 Lehrsius
1407 2013 1594 2074 Ribbechius
1618 2014 1671 2074 elii
1697 2014 1736 2074 ad
1770 2033 1880 2074 acuen-

728 2116 809 2176 ‹lum
832 2115 992 2194 ingenium
1014 2116 1268 2194 excogitauerunt
1291 2136 1449 2195 magnum,
1473 2119 1677 2194 quantumin
1701 2114 1789 2175 nobis
1812 2116 1879 2187 fuit,

727 2237 896 2277 numerum
930 2218 1148 2296 congessimus.
1199 2237 1240 2277 ne
1274 2219 1368 2296 igitur
1401 2218 1540 2295 proxime
1573 2218 1670 2277 factas
1705 2218 1756 2276 uel
1784 2218 1881 2276 omnis

729 2318 787 2380 nel
816 2318 989 2397 aequaliter
1015 2319 1155 2379 laudatas
1184 2328 1328 2398 quaeret,
1358 2318 1503 2378 lectorem
1534 2317 1711 2377 beniuolum
1733 2320 1881 2379 monitum

733 2419 880 2480 uelimus.

819 2521 927 2581 Restat
949 2531 984 2582 ut
1005 2522 1042 2582 iis
1065 2521 1221 2595 omnibns,
1246 2542 1375 2600 querum
1402 2524 1435 2581 in
1458 2522 1516 2581 hac
1539 2524 1607 2600 ipsa
1630 2523 1824 2600 praefatione
1850 2531 1880 2580 et

698 2647 714 2676 ι
736 2623 770 2683 in
797 2622 895 2683 altera
922 2625 1038 2685 mentio
1068 2625 1150 2684 faeta
1181 2633 1240 2696 est,
1273 2632 1307 2683 ut
1336 2625 1368 2681 iu
1397 2623 1501 2701 primis
1532 2622 1670 2682 lIartelio
1700 2622 1881 2682 Woelfflino

736 2723 877 2784 Naucltio
903 2725 1016 2785 Noltee
1041 2727 1181 2786 Vsenero
1208 2725 1353 2803 Hagenio
1381 2725 1528 2796 Kurtzio,
1559 2733 1590 2782 et
1616 2725 1801 2802 quicumque
1829 2732 1882 2783 aut

738 2826 866 2886 consilio
887 2835 995 2886 autre
1018 2827 1104 2906 operi
1132 2837 1236 2886 nostro
1265 2825 1443 2885 adiumenta
1471 2826 1641 2885 attulerunt
1669 2845 1705 2883 ac
1733 2822 1879 2897 subsidia,

740 2929 851 3006 gratias
879 2946 1006 3005 agamus
1032 2947 1124 3007 quam
1154 2930 1310 2988 maximas.
1361 2927 1476 2986 deinde
1510 2928 1638 3006 gratiam
1671 2925 1881 3005 praedicamus

739 3027 775 3087 iia
803 3028 878 3087 uiris
899 3028 1136 3102 honestissimis,
1165 3031 1217 3109 qui
1242 3029 1385 3089 ‘candidi
1409 3029 1543 3088 iudiccs’
1566 3026 1646 3087 benc
1670 3047 1738 3087 sese
1762 3028 1801 3086 de
1823 3027 1881 3086 hoc

739 3126 814 3188 libro
837 3130 1011 3191 existimare
1033 3131 1084 3190 uel
1108 3133 1139 3190 iu
1162 3133 1237 3192 actis
1262 3132 1379 3190 diurnis
1402 3130 1453 3190 uel
1482 3131 1513 3189 iu
1536 3128 1622 3189 libris
1650 3131 1712 3190 suis
1735 3129 1827 3207 plane
1851 3137 1881 3188 et

741 3230 875 3309 ingenue
901 3240 975 3291 sunt
1001 3232 1147 3311 professi:
1176 3254 1237 3312 qua
1264 3254 1298 3294 re
1325 3234 1456 3292 fortasse
1484 3232 1597 3291 factum
1625 3241 1686 3304 est,
1717 3240 1751 3290 ut
1778 3230 1879 3290 studia

740 3341 841 3392 nestra
869 3334 980 3394 iterum
1008 3334 1445 3413 iterumqueacccnderentur
1477 3352 1534 3392 nec
1567 3333 1652 3411 longi
1687 3331 1881 3410 difficilisque

739 3431 849 3494 laboris
877 3434 981 3495 taedio
1011 3435 1285 3496 succumberemus.
1340 3437 1431 3496 tertio
1461 3436 1626 3495 triumuiris
1660 3435 1721 3495 illis
1755 3435 1880 3512 ingenie

741 3533 877 3595 domena
911 3536 1104 3615 docendique
1138 3538 1285 3597 facultate
1321 3538 1587 3609 praestantissimis
1620 3534 1880 3596 RITSCHELIO

739 3634 936 3698 KAYSERO
958 3637 1219 3711 TEVFFELIO,
1247 3640 1315 3717 qui,
1346 3659 1406 3717 quo
1434 3638 1522 3697 simul
1552 3638 1652 3716 pietas
1682 3646 1786 3696 nostra
1808 3656 1882 3715 erge

739 3748 953 3818 praeceptores
974 3741 1206 3819 significaretur,
1228 3749 1262 3799 ut
1285 3741 1359 3819 ipsis
1381 3741 1435 3798 tris
1457 3739 1562 3817 primis
1584 3737 1675 3797 huius
1691 3737 1759 3796 libri
1779 3747 1881 3815 partes

741 3837 964 3914 dedicaremus,
989 3839 1124 3920 benigne
1146 3843 1364 3922 permiserunt,
1390 3840 1524 3918 ingentis
1548 3840 1666 3918 agimus
1682 3847 1794 3917 grates.
1829 3856 1881 3896 ees

739 3951 854 4012 autem,
879 3942 933 4021 qui
954 3942 1037 4002 hunc
1052 3940 1161 4003 librum
1184 3942 1373 4013 tractabunt,
1397 3961 1532 4012 oramus,
1556 3951 1590 3999 ut
1612 3939 1644 3998 id
1667 3939 1792 4017 quidem
1814 3957 1880 4017 per·

738 4060 858 4103 sussum
879 4041 1031 4117 habeant,
1061 4045 1242 4124 diligentiae
1270 4064 1328 4104 nos
1356 4062 1476 4121 semper
1504 4061 1627 4121 operam
1655 4041 1790 4112 dedisse,
1823 4059 1881 4099 nec

738 4152 770 4203 ut
790 4146 822 4204 fit
851 4163 919 4204 eam
942 4142 980 4205 ob
1003 4165 1134 4218 causam,
1166 4147 1249 4226 quod
1276 4144 1370 4205 semel
1399 4144 1473 4223 quid
1503 4143 1649 4216 diximus,
1680 4142 1880 4221 pertinaciter

739 4246 770 4304 in
796 4266 899 4306 errore
927 4265 1051 4306 manere
1079 4266 1170 4326 quam
1205 4248 1296 4307 fateri
1323 4248 1480 4318 maluisse,
1516 4265 1571 4304 nes
1602 4245 1756 4303 interdum
1788 4244 1881 4301 falsos

738 4365 812 4408 esse.
858 4348 912 4427 qui
944 4368 1018 4408 uero
1052 4359 1168 4409 temere
1200 4350 1283 4408 hunc
1312 4348 1424 4407 librum
1458 4348 1603 4407 damnare
1632 4345 1778 4417 uoluerit,
1814 4345 1880 4422 ipse

738 4448 829 4509 talem
855 4450 923 4509 siue
951 4450 1030 4508 tanti
1057 4448 1171 4510 laboris
1199 4452 1411 4530 inpensaeque
1438 4449 1548 4509 librum
1578 4448 1731 4518 conficiat,
1767 4445 1881 4534 deinde
1914 4523 1920 4532 ι

739 4547 776 4610 de
798 4561 929 4629 utroque
951 4551 1113 4612 iudicetur.

820 4652 859 4711 In
882 4653 1126 4732 orthographicis
1150 4652 1285 4732 deniqne
1307 4652 1399 4713 rebus
1428 4653 1559 4714 eandem
1588 4652 1738 4711 rationem
1760 4651 1879 4708 institu-
1899 4626 2016 4731 iiiiii&

738 4750 913 4833 tionemque
936 4755 1182 4814 conseruauimus
1206 4775 1297 4834 (piram
1325 4755 1357 4812 in
1380 4756 1536 4814 uolumine
1559 4754 1588 4825 l,
1619 4754 1662 4810 ita
1690 4751 1814 4830 quidem
1836 4761 1879 4821 ut,

737 4869 827 4930 quam
850 4857 980 4916 maxime
993 4867 1183 4935 poteramus,
1207 4854 1279 4916 libri
1301 4855 1461 4934 archetypi
1483 4855 1533 4914 uel
1550 4856 1645 4933 ipsius
1660 4853 1771 4913 Horati
1793 4853 1879 4912 ellin-
1987 4834 1991 4842 ¹

736 4972 876 5032 geremus
898 4959 1079 5037 scripturas,
1104 4979 1161 5018 nec
1177 4959 1350 5018 inuenimus
1373 4977 1452 5037 quae
1475 4958 1704 5035 refragarentur
1719 4955 1839 5034 legibus
1863 4976 1880 5013 a

735 5052 824 5117 nobis
854 5052 945 5136 [mus.
973 5060 1074 5120 Rhen
1103 5059 1185 5119 XXI
1212 5079 1243 5139 p.
1272 5061 1331 5118 241
1361 5057 1443 5139 sqq]
1476 5059 1598 5119 statutis
1633 5058 1671 5118 de
1705 5058 1880 5118 accusatius
