5150 6367
1172 1003 1348 1061 rassrsrro
1802 1025 1833 1063 x1

691 1169 774 1229 ribus
800 1170 892 1242 locis,
927 1170 977 1229 ubi
1008 1192 1024 1229 v
1051 1172 1102 1230 uel
1131 1189 1162 1229 at
1193 1191 1299 1250 parurn
1327 1173 1437 1250 liquet,
1474 1194 1576 1231 ueram
1606 1173 1719 1231 coticis
1747 1174 1837 1231 huius

692 1271 855 1331 lectionem
878 1291 987 1331 eruero
1009 1292 1047 1332 ex
1069 1272 1244 1332 Basilionsi.

777 1373 987 1433 Berolinensis
1011 1375 1071 1432 260
1094 1375 1208 1433 saeculi
1223 1358 1309 1434 XIII
1330 1376 1477 1455 epistulas
1493 1385 1589 1435 artem
1606 1378 1756 1453 poeticam
1772 1397 1833 1435 sor·
1848 1371 1989 1463 fffl‘fflssfffi

691 1494 797 1534 mones
825 1476 988 1534 contiacns
1015 1484 1084 1554 post
1105 1475 1304 1534 Theodorum
1327 1477 1481 1547 Apitaiuur
1513 1478 1622 1536 iterum
1652 1498 1670 1535 a
1692 1478 1836 1536 Karolo

695 1577 877 1635 Dilthoio
905 1585 1010 1636 nostro
1039 1576 1271 1654 diligentissimo
1295 1579 1326 1635 in
1350 1577 1540 1636 sermonibus
1563 1579 1702 1637 conlatus
1726 1587 1781 1636 est.

776 1677 931 1738 BruxolIis
954 1678 986 1736 in
1008 1677 1207 1756 bybliotheca
1230 1678 1353 1756 publica
1370 1680 1569 1755 Burgundios
1591 1679 1836 1757 transcripsimus
1850 1677 1989 1768 ‘flflffinffiw

693 1778 753 1837 duo
775 1779 910 1857 codices,
932 1799 1061 1857 quorum
1077 1779 1155 1838 alter
1177 1790 1240 1838 crat
1261 1781 1401 1857 signatus
1417 1783 1551 1839 numeris
1568 1783 1669 1840 10063
1687 1790 1717 1838 et
1734 1780 1833 1840 10064
1849 1797 1984 1836 imos-rocos

692 1881 804 1940 saeculi
819 1863 903 1940 XI—ll
925 1881 1087 1940 continens
1110 1883 1245 1940 carmina
1267 1882 1381 1953 elmrlos
1404 1891 1498 1940 artem
1515 1883 1665 1960 poeticam
1681 1901 1837 1941 sermones

693 1981 855 2059 epistulae,
885 1982 957 2041 olim
980 1983 1102 2061 collegii
1124 1983 1278 2042 societatis
1302 1982 1372 2041 Icsn
1397 1983 1615 2054 Louaniensis,
1645 1982 1723 2041 alter
1750 1983 1838 2059 isque

693 2083 815 2142 maioris
842 2085 932 2162 pretii
960 2084 1099 2162 signatus
1128 2084 1262 2142 numeris
1286 2086 1367 2142 0776
1399 2082 1452 2158 (=
1475 2083 1640 2158 cannino),
1671 2085 1752 2141 9777
1784 2081 1837 2159 (=
1854 2100 1989 2158 cotosmo-

693 2181 875 2258 ssrmoucs),
900 2185 982 2244 9778
1007 2181 1061 2260 (=
1083 2205 1132 2243 ars
1155 2183 1304 2263 postica),
1329 2187 1411 2243 9778
1435 2185 1481 2244 bis
1505 2183 1559 2260 (=
1574 2184 1747 2263 (pristinae),
1772 2151 1969 2244 κιο-9271627676

696 2286 756 2344 culi
777 2269 826 2344 XI
848 2306 917 2345 cum
938 2286 1163 2364 subscriptione
1184 2287 1388 2345 Mauortiana.

777 2387 973 2447 Burneianus
1002 2389 1061 2446 170
1091 2387 1164 2477 olim
1180 2385 1396 2477 *riskewianus
1429 2409 1512 2446 nunc
1540 2389 1636 2446 musei
1664 2387 1835 2445 Britannici
1849 2390 1991 2483 32¹3qu

695 2488 769 2565 plut.
794 2487 913 2547 CLXII
935 2487 970 2561 F,
994 2489 1109 2549 sacculi
1131 2488 1215 2546 XIII
1238 2490 1394 2560 excuntis,
1426 2491 1589 2548 continens
1615 2490 1750 2548 earmina
1773 2508 1835 2546 car-

695 2610 763 2649 men
786 2609 866 2649 saec.
888 2590 1003 2668 spodos
1031 2601 1087 2648 nrt.
1111 2598 1190 2668 poet.
1214 2610 1370 2648 sermones
1393 2577 1556 2668 epistulas,
1587 2591 1618 2647 in
1647 2589 1838 2648 sermonibus

696 2690 832 2750 conlatus
855 2711 874 2750 a
895 2690 995 2750 nobis.

779 2790 998 2852 Gronouianus
1019 2818 1061 2841 =
1089 2793 1252 2852 Loidonsis
1283 2792 1435 2852 Gronouii
1457 2793 1493 2851 F.
1519 2793 1557 2849 15
1586 2792 1701 2850 saeculi
1723 2773 1839 2850 XH—

699 2876 789 2952 XIII.
834 2894 1017 2954 contulimus
1039 2895 1109 2973 ipsi.
1614 2887 1617 2893 ’

778 2994 900 3087 coelic-es
928 2995 1090 3055 Harlciani
1119 2996 1200 3054 2724
1229 2997 1261 3053 in
1291 3015 1394 3054 musco
1423 2994 1603 3053 Britannico
1633 2996 1709 3073 plut.
1734 2995 1776 3052 LI
1799 2996 1991 3090 Bsppffivisggp

697 3097 807 3156 sacculi
829 3098 896 3156 XII
924 3097 1017 3169 mod„
1042 3097 1124 3155 3534
1154 3099 1185 3155 in
1215 3119 1318 3156 museo
1347 3098 1526 3156 Britannico
1557 3097 1633 3175 plut.
1663 3096 1772 3154 LXIII
1796 3095 1835 3156 G.
1883 3118 1935 3157 snas

697 3182 897 3258 sacculi-XII
920 3199 1075 3269 exeuntis,
1100 3200 1191 3261 3754.
1214 3200 1309 3257 4862.
1333 3200 1515 3258 contulimus
1539 3200 1607 3277 ipsi
1856 3221 1914 3261 orsa.
1928 3220 1979 3260 tosa

778 3299 892 3359 Mellic.
907 3325 948 3347 =
964 3300 1063 3359 codex
1077 3301 1191 3359 saeculi
1206 3284 1263 3358 XI
1278 3322 1295 3359 e
1311 3300 1528 3379 Francogallia
1545 3297 1614 3378 (por
1630 3298 1838 3377 Gersonunr'?)
1854 3303 1983 3395 Mylfflgffi

697 3401 727 3458 io
755 3399 984 3480 bybliothecam
1010 3402 1283 3461 Benedictinorum
1307 3402 1530 3461 blellicensium
1559 3401 1712 3480 quondam
1741 3410 1839 3459 trans-

697 3511 842 3579 portatus.
882 3501 973 3561 huius
996 3503 1109 3561 codicis
1132 3502 1171 3561 ad
1195 3503 1340 3561 farnilianr
1363 3499 1448 3579 ΑἘγ
1471 3504 1655 3582 pertinentis
1678 3502 1839 3561 Wilhcl·

696 3623 774 3662 mus
800 3603 1003 3662 Hartolins
1031 3603 1283 3663 Vindobonensis
1312 3605 1413 3663 clarus
1442 3604 1589 3683 Cypriani
1623 3604 1738 3674 editor,
1773 3624 1840 3662 cum

697 3724 751 3781 per
781 3704 1031 3764 humanissimum
1065 3705 1332 3783 doctissimumque
1369 3704 1544 3764 abbatom
1577 3703 1840 3762 blelliccnsom

697 3804 805 3865 librum
832 3807 864 3864 in
897 3805 1003 3865 urbem
1031 3806 1168 3866 licuisset
1194 3807 1369 3878 transferri,
1405 3807 1611 3864 conlationem
1644 3805 1717 3862 lecit
1749 3824 1839 3882 quam

699 3908 826 3967 maxime
849 3916 1021 3966 accuratam
1043 3907 1192 3986 nobisque
1215 3909 1325 3966 auroris
1348 3928 1439 3965 causo
1462 3906 1543 3964 dono
1561 3905 1656 3964 derlit.
1686 3924 1746 3982 quo
1762 3905 1840 3963 libro

698 4028 764 4066 cum
793 4008 833 4067 ad
862 4008 1032 4068 eruendam
1059 4010 1220 4088 archetypi
1249 4009 1367 4086 primae
1400 4008 1503 4066 classis
1533 4007 1660 4065 sornrarn
1686 4006 1839 4064 interdurn

699 4129 760 4168 non
783 4110 932 4188 possimus
955 4129 1074 4182 carcre,
1099 4111 1256 4190 permultis
1278 4111 1353 4169 locis
1376 4110 1457 4167 inter
1472 4108 1627 4182 codicesy
1651 4108 1715 4166 cius
1736 4107 1840 4166 lectio·

699 4230 752 4270 nos
774 4210 931 4270 attulimus
953 4231 1011 4271 nec
1026 4232 1139 4290 pancas
1162 4222 1269 4291 postea
1284 4214 1316 4270 in
1338 4211 1494 4269 uolumine
1516 4209 1591 4282 III,¹
1605 4209 1657 4268 ubi
1682 4210 1720 4267 dc
1736 4208 1840 4266 archo·

698 4319 771 4390 typo
794 4311 931 4371 classisI
953 4322 1069 4391 agetur,
1094 4314 1258 4372 trademus.
1289 4314 1321 4371 in
1337 4313 1474 4390 margine
1496 4312 1654 4370 cuiusdam
1679 4310 1743 4368 folii
1765 4308 1842 4368 haec

700 4413 887 4492 repperimus
909 4412 1018 4473 uerba:
1043 4413 1124 4474 ‘Isto
1146 4413 1225 4473 Iibcr
1247 4414 1454 4492 redintegrnt’
1479 4423 1525 4472 ost
1547 4412 1585 4470 ab
1606 4412 1751 4471 odelrico.
1783 4410 1841 4468 cui'

700 4522 730 4571 st
751 4516 836 4573 erat’.

781 4616 1072 4694 Montopcssulanus
1088 4616 1306 4697 bybliothecae
1328 4617 1451 4676 scholae
1468 4615 1604 4674 modicae
1629 4635 1674 4672 nr.
1691 4615 1752 4672 425
1770 4614 1993 4716 00111ιὲἳέξῶῧὶἓέίὶ

700 4714 902 4789 Firmemus,
926 4738 964 4777 ex
985 4717 1071 4777 libris
1087 4718 1208 4796 collegii
1224 4720 1349 4776 oratorii
1363 4718 1540 4787 Treccnsis,
1565 4738 1583 4774 a
1604 4714 1756 4774 nobismet
1770 4734 1839 4773 con-
1865 4689 1871 4729 ¹
1891 4738 1947 4780 πμ

699 4815 778 4876 latus
805 4826 837 4878 ot
864 4819 1045 4896 quibusdam
1072 4820 1147 4879 locis
1177 4819 1277 4878 dubiis
1306 4840 1324 4877 a
1352 4819 1468 4876 Karolo
1493 4817 1630 4876 Dittheio
1660 4817 1840 4878 amicissimo

699 4918 808 4977 iterum
830 4920 1001 4999 inspectus,
1024 4921 1140 4980 saeculi
1153 4904 1230 4979 ΧΠ.
1259 4921 1308 4979 hic
1332 4919 1428 4979 codex
1450 4920 1559 4978 mirum
1581 4918 1612 4977 iu
1629 4919 1751 4978 modurn
1774 4939 1840 4997 pcr-

699 5017 808 5078 multas
829 5019 978 5082 lectiones
994 5022 1118 5082 exhibet
1139 5023 1304 5102 singularis
1321 5043 1378 5082 noc
1392 5042 1505 5101 paucas
1527 5041 1575 5079 res
1591 5018 1842 5097 orthographicas

1852 2778 1919 2837 roden
1939 2780 1991 2818 (Iro-

1862 2842 1968 2870 nonianus
