5150 6367
763 1015 842 1055 xv111
1249 1011 1424 1051 PRAEFATIO

763 1183 816 1240 ille
838 1182 917 1259 trigo
941 1179 1183 1259 praetereundus
1203 1189 1258 1238 est.
1286 1197 1344 1238 nec
1367 1178 1468 1237 facere
1491 1197 1649 1256 possumus
1672 1178 1746 1255 quin
1770 1179 1859 1256 epist.
1877 1176 1910 1236 H

766 1285 798 1355 1,
824 1284 883 1340 167
913 1302 977 1342 uar.
1001 1281 1072 1340 lect.
1101 1282 1150 1338 ‘in
1178 1280 1315 1358 scriptis’
1345 1281 1581 1358 interpretemur
1616 1279 1703 1350 inde,
1738 1277 1822 1357 quod
1849 1280 1910 1357 pri·

765 1383 879 1442 mariae
909 1382 1050 1442 lectionis
1079 1381 1222 1441 ‘inscite’
1247 1382 1291 1440 nil
1320 1382 1379 1439 nisi
1409 1381 1535 1440 dimidia
1557 1400 1629 1458 pars
1651 1379 1690 1439 ab
1712 1379 1912 1439 emendatore

764 1484 817 1544 illo
841 1485 976 1562 potuerit
996 1483 1068 1561 legi.
1113 1492 1145 1542 at
1168 1482 1286 1542 duobus
1310 1490 1391 1540 certe
1414 1483 1488 1541 artis
1510 1483 1650 1562 poeticae
1677 1480 1752 1540 locis
1780 1482 1912 1542 rectissi-

764 1605 828 1644 mas
851 1585 928 1644 haec
951 1585 1057 1645 classis
1072 1584 1196 1644 exhibet
1209 1583 1375 1643 lectiones:
1398 1604 1428 1643 u.
1446 1584 1506 1642 237
1531 1583 1579 1642 ‘et
1601 1581 1720 1643 audax'
1743 1602 1800 1661 pro
1817 1581 1913 1644 altera

764 1686 897 1746 lectione
928 1690 985 1744 ‘an
1008 1685 1127 1745 audax'
1156 1695 1187 1745 ct
1217 1706 1246 1744 u.
1271 1686 1329 1743 371
1363 1684 1440 1744 ‘nec
1462 1684 1535 1744 scit'
1564 1705 1620 1762 pro
1648 1684 1799 1759 ‘uescit’3
1829 1684 1914 1744 unde

764 1787 811 1860 fit,
835 1797 870 1846 ut
891 1788 1102 1867 quaestionem
1126 1807 1188 1846 non
1211 1787 1406 1866 effugiamus,
1430 1798 1529 1846 utrum
1552 1784 1784 1846 emendationes
1799 1785 1912 1846 habea·

765 1908 848 1959 mus,
872 1908 912 1946 an
929 1908 1017 1947 ueras
1033 1888 1108 1948 boni
1123 1888 1192 1947 libri
1208 1888 1369 1967 archetypi
1384 1888 1542 1947 lectiones.
1571 1888 1627 1947 sed
1642 1887 1739 1947 felicia
1755 1887 1915 1948 cuiusdam

767 1989 957 2069 grammatici
986 1988 1219 2048 emendationes
1248 2009 1316 2049 esse
1344 2010 1434 2068 posse
1466 1990 1556 2049 facile
1585 1989 1748 2061 concedes,
1784 1990 1846 2048 nisi
1875 1990 1915 2049 ad

767 2090 965 2150 coniciendae
980 2110 1072 2150 uoces
1095 2093 1165 2151 ‘nec
1186 2093 1254 2150 scit'
1276 2110 1315 2150 ex
1336 2092 1456 2151 ‘nescit'
1480 2090 1630 2170 singulari
1646 2089 1835 2150 emendandi
1849 2101 1916 2150 arto

768 2213 844 2272 opus
867 2211 934 2251 esse
957 2191 1162 2251 contenderis.
1205 2202 1338 2253 ceterum
1360 2192 1441 2252 hanc
1463 2193 1588 2273 quidem
1611 2192 1824 2270 quaestionem
1845 2212 1916 2252 mox

766 2295 811 2354 ita
831 2293 962 2352 solutum
983 2294 1021 2351 iri
1042 2313 1212 2371 speramus,
1236 2305 1270 2354 ut
1293 2314 1342 2353 rea
1365 2294 1457 2373 plane
1480 2293 1606 2373 liqueat.
1650 2294 1705 2352 tris
1727 2294 1823 2371 igitur
1845 2294 1915 2354 illas

768 2395 906 2455 codicum
927 2394 1168 2455 Horatianorum
1191 2395 1303 2455 classes
1325 2397 1406 2454 inter
1428 2416 1461 2454 se
1485 2396 1623 2454 diuersas
1638 2395 1696 2453 hoc
1711 2393 1803 2454 modo
1826 2403 1916 2455 natas

768 2515 837 2555 esse
859 2497 1030 2575 putandum
1047 2505 1106 2568 est,
1131 2508 1165 2555 ut
1187 2516 1225 2556 ex
1247 2517 1309 2555 uno
1326 2516 1426 2575 eoque
1449 2495 1634 2554 bonofonte
1651 2496 1796 2555 fluxerint
1818 2515 1916 2575 genus

768 2597 784 2656 1
807 2606 838 2657 et
860 2597 907 2669 ΙΙ,
937 2598 992 2657 illa
1013 2598 1111 2676 prima
1133 2607 1236 2657 autem
1257 2598 1424 2657 scribarum
1451 2597 1572 2657 mendis
1595 2606 1626 2657 et
1648 2597 1916 2676 grammaticorum

769 2698 952 2759 coniecturis
986 2698 1131 2758 facillime
1165 2699 1335 2778 perspicuis
1367 2697 1499 2771 laboret,
1539 2699 1665 2758 alterius
1702 2718 1777 2757 uero
1812 2700 1916 2759 classis

768 2801 953 2879 archetypus
977 2819 1016 2859 ex
1044 2821 1106 2859 uno
1137 2800 1241 2860 codice
1270 2822 1288 2859 a
1317 2801 1407 2860 docto
1432 2799 1632 2859 emendatore
1659 2800 1820 2860 confectus
1842 2801 1917 2861 inda

768 2902 957 2981 potissimam
978 2899 1081 2960 labem
1103 2902 1244 2974 traxerit,
1274 2902 1372 2979 qnod,
1404 2923 1472 2961 cum
1495 2902 1561 2961 eius
1583 2901 1734 2980 scriptura
1757 2922 1823 2961 non
1846 2923 1915 2962 nus·

769 3023 861 3083 quam
877 3003 1068 3075 euanuisset,
1092 3003 1144 3062 ille
1161 3003 1199 3063 de
1214 3023 1269 3062 suo
1285 3004 1413 3082 ingenio
1428 3003 1585 3063 addiderit
1600 3004 1802 3076 coniecturas,
1827 3006 1917 3064 tertia

770 3106 906 3183 denique
929 3104 1033 3164 classis
1056 3124 1095 3164 ex
1109 3105 1277 3184 archetypo
1293 3125 1389 3183 prauo
1411 3113 1443 3164 et
1457 3105 1637 3164 mendorum
1652 3104 1916 3182 emendationum·

770 3226 829 3285 que
852 3225 907 3284 per
933 3205 1093 3264 leuitatem
1122 3206 1269 3265 factarum
1299 3206 1391 3284 pleno
1421 3207 1593 3266 manauerit
1616 3206 1786 3284 eademque
1809 3216 1918 3286 postea

770 3306 901 3385 propriis
924 3307 1139 3367 monachorum
1162 3308 1340 3367 commentis
1363 3307 1432 3387 plus
1455 3309 1487 3366 in
1511 3307 1576 3367 dies
1597 3308 1714 3386 ceperit
1729 3307 1917 3372 detrimenti.

770 3409 874 3486 itaque
896 3409 948 3480 iis,
973 3409 1025 3487 qui
1047 3417 1081 3467 ut
1103 3416 1222 3467 nosmet
1244 3428 1334 3468 ueras
1357 3409 1524 3468 communis
1550 3408 1711 3487 archetypi
1726 3407 1799 3467 libri
1813 3410 1918 3470 lectio·

771 3530 826 3571 nes
849 3511 1033 3588 perscrutari
1061 3510 1182 3582 uolent,
1212 3510 1385 3588 repellendi
1412 3520 1502 3570 erunt
1530 3510 1626 3589 primo
1656 3511 1792 3588 optimae
1814 3511 1920 3572 classis

771 3631 888 3671 errores
911 3621 941 3671 nt
964 3612 1194 3684 inmutationes,
1226 3611 1342 3671 deinde
1368 3612 1525 3671 secundae
1554 3612 1660 3671 classis
1682 3632 1746 3670 uon
1768 3633 1918 3690 gramma·

770 3713 850 3772 ticae
871 3713 927 3771 sed
950 3714 1121 3772 rhetoricae
1149 3714 1199 3772 uel
1227 3714 1367 3791 poeticae
1390 3713 1623 3772 emendationes
1645 3713 1729 3771 baud
1755 3713 1825 3773 aine
1850 3714 1920 3774 dili·

771 3814 877 3892 gentia
893 3815 1093 3893 excogitatae,
1111 3815 1201 3873 tertio
1217 3814 1348 3894 plurima
1359 3814 1576 3874 monachorum
1588 3814 1702 3874 menda
1718 3814 1921 3895 ineptiasque

772 3934 851 3994 quae
879 3915 910 3972 in
942 3916 1106 3975 deterrima
1134 3916 1232 3975 classe
1255 3916 1461 3994 reperiuntur.
1505 3915 1563 3975 hoc
1585 3917 1610 3974 si
1634 3916 1757 3986 feceris,
1789 3916 1922 3979 formam

771 4015 933 4096 archetypi
952 4018 1117 4077 Horatiani
1140 4019 1296 4090 inuenies,
1320 4017 1389 4077 libri
1413 4018 1509 4096 primo
1526 4018 1656 4076 fortusse
1679 4027 1748 4094 post
1764 4014 1923 4079 Christum

773 4119 896 4177 saeculo
920 4117 1117 4179 adscribendi
1140 4120 1306 4198 paucisque
1328 4120 1448 4179 mendis
1472 4119 1645 4198 deprauati.

859 4219 959 4299 Quam
982 4222 1104 4280 obrem
1125 4221 1185 4280 nisi
1207 4220 1366 4280 rarissimis
1388 4221 1462 4280 loeis
1486 4241 1549 4280 non
1572 4219 1740 4298 recepimus
1763 4220 1922 4282 coniectu-

773 4343 836 4394 ras,
860 4331 1020 4400 sperantes
1044 4325 1109 4382 t'ore
1132 4331 1166 4381 ut
1188 4322 1285 4401 magis
1301 4323 1459 4401 magisque
1483 4342 1588 4383 eorum
1610 4321 1766 4381 sententia
1782 4343 1922 4402 compro·

772 4422 870 4496 betur,
894 4423 947 4502 qui
969 4423 1132 4483 Horatium
1154 4434 1284 4502 poetam,
1310 4425 1335 4483 si
1358 4445 1425 4484 cum
1440 4425 1549 4484 ceteris
1565 4423 1798 4501 comparaueris,
1822 4444 1922 4505 prope

772 4525 925 4602 integrum
948 4526 1120 4603 posteritati
1143 4524 1298 4604 proditum
1322 4544 1379 4585 uec
1403 4526 1529 4604 dignum
1552 4544 1619 4585 esse
1643 4524 1747 4584 dicant
1762 4525 1817 4603 qui
1839 4546 1921 4587 com·

773 4626 884 4685 mentis
908 4634 938 4685 et
960 4628 1141 4686 coniecturis
1164 4637 1308 4699 uexatur,
1331 4629 1483 4708 siquidem
1500 4627 1634 4686 omnium
1649 4633 1821 4686 nostrorum
1837 4628 1921 4688 codi-

774 4746 840 4785 cum
863 4728 1050 4807 arebetypus
1072 4730 1132 4788 iarn
1159 4730 1234 4806 ipsis
1256 4731 1420 4807 primorum
1444 4728 1609 4789 Caesarum
1635 4726 1824 4807 temporibus
1848 4748 1919 4789 con·

774 4830 905 4907 scriptus
929 4838 984 4889 est.
1029 4841 1144 4909 quanto
1167 4832 1262 4908 magis
1285 4851 1361 4889 sane
1383 4831 1416 4889 in
1439 4830 1592 4909 plerisque
1615 4828 1771 4889 ueteribus
1794 4830 1921 4908 scripto·

774 4928 873 5002 ribus,
905 4932 992 4990 utin
1015 4933 1105 4992 Liuio
1129 4934 1237 4992 Tacito
1262 4931 1403 5006 Graecis,
1435 4933 1574 4992 destituti
1596 4950 1698 4990 sumus
1721 4931 1808 4991 libris
1830 4928 1923 4991 bonis

775 5030 935 5111 isdemque
959 5034 1107 5112 antiquis!
1131 5053 1222 5112 quam
1244 5034 1334 5094 aliter
1355 5034 1387 5094 hi
1410 5034 1450 5094 ad
1473 5042 1607 5093 nostram
1621 5032 1798 5092 memoriam
1813 5051 1922 5112 perue-
