5150 6367
1243 1030 1419 1071 PRAEFATIO

636 1211 725 1252 Seruius
845 1200 883 1259 dc
906 1200 1087 1259 testimoniis
1117 1218 1156 1257 ex
1178 1197 1287 1258 Seruio
1310 1198 1429 1276 Vergili
1453 1205 1690 1257 commentatore
1717 1199 1848 1276 sumptis
1870 1198 1914 1257 ad

755 1302 813 1360 hoc
834 1301 978 1359 uolumen
1002 1321 1065 1359 nou
1095 1300 1196 1358 minus
1225 1299 1309 1358 ualet
1340 1300 1431 1372 illud,
1464 1299 1547 1377 quod
1576 1300 1608 1357 in
1631 1300 1720 1377 primi
1742 1298 1915 1359 nolumInis

755 1402 948 1474 praefatione
982 1402 1091 1460 dicturi
1126 1420 1260 1472 cramus,
1303 1400 1451 1478 grauioris
1491 1400 1616 1478 quidem
1652 1401 1798 1458 momenti
1832 1399 1914 1460 locis

755 1504 957 1562 Thilonem
984 1524 1002 1561 a
1024 1502 1113 1561 nobis
1130 1500 1301 1559 consultum
1318 1501 1434 1580 absquo
1459 1522 1510 1573 co,
1535 1521 1596 1580 qua
1618 1501 1696 1560 solet
1711 1499 1913 1572 liberalitate,

757 1625 939 1683 responsum
969 1623 1045 1663 esse.
1090 1611 1250 1681 practerea
1278 1602 1367 1661 uobis
1395 1604 1440 1661 nti
1467 1603 1554 1661 licuit
1582 1602 1755 1662 Hermanni
1782 1602 1914 1681 Hageni

757 1727 840 1764 noua
866 1706 1009 1783 bonaque
1036 1704 1222 1763 scholiorum
1247 1703 1463 1776 Beruensinm‚
1494 1712 1569 1782 quot
1591 1703 1631 1763 ad
1654 1703 1794 1763 bucellae
1816 1712 1915 1783 atque

757 1809 901 1885 georgica
924 1807 1095 1885 pertinent,
1120 1806 1257 1864 editione
1282 1803 1380 1883 [Lips.
1406 1807 1486 1863 1867
1511 1806 1543 1864 in
1566 1805 1788 1884 supplementis
1812 1825 1914 1864 anna·

759 1908 832 1967 lium
856 1907 1110 1986 philologicorum
1133 1906 1201 1963 IIII
1224 1925 1254 1983 p.
1279 1902 1493 1985 oon—1008}

843 2032 978 2094 Omnino
1001 2051 1210 2110 quaecumque
1232 2031 1326 2090 libros
1342 2052 1439 2111 usque
1462 2032 1502 2092 ad
1519 2015 1621 2091 XIIH
1643 2033 1758 2092 saeculi
1781 2033 1909 2093 initium

758 2137 887 2213 scriptos
916 2133 1135 2206 perscrutando
1164 2134 1420 2211 inuestigauimus
1448 2135 1625 2193 testimonia
1653 2134 1840 2207 Horatiana,
1871 2156 1913 2195 ca

759 2221 964 2315 erccrpsimus
986 2236 1131 2313 typisque
1154 2233 1378 2296 mandanimus.
1415 2235 1491 2294 illud
1514 2255 1636 2314 quoque
1658 2235 1709 2294 hic
1723 2236 1820 2314 gratis
1844 2238 1915 2295 ani-

758 2339 814 2396 mis
837 2356 1072 2396 commemorare
1095 2355 1151 2393 uos
1179 2334 1280 2408 decet,
1313 2337 1395 2414 quod
1425 2337 1589 2415 Iosepho
1612 2337 1771 2396 Kleinio
1800 2348 1913 2398 nostro

759 2440 877 2517 aliquot
899 2439 1074 2497 testimonia
1097 2456 1135 2495 ex
1157 2435 1269 2495 Isidori
1293 2437 1447 2496 codicibus
1470 2438 1618 2496 Parisinis
1641 2439 1738 2517 petita
1761 2438 1915 2498 debemus

761 2549 791 2600 ct
813 2540 999 2598 Heinrico
1022 2538 1170 2611 Koilio,
1194 2547 1367 2597 nostrorum
1390 2559 1515 2618 operum
1533 2539 1646 2599 fautori
1668 2539 1846 2612 clarissimo,
1873 2540 1914 2599 dc

760 2663 823 2701 non
852 2640 944 2700 nullis
972 2641 1060 2713 locis,
1095 2642 1148 2718 qui
1181 2639 1264 2718 apud
1294 2641 1505 2718 grammaticos
1538 2650 1611 2699 tunc
1639 2640 1776 2700 nondum
1811 2642 1915 2700 editos

760 2742 878 2802 laudati
903 2752 1004 2813 crant,
1029 2742 1174 2801 certiores
1197 2741 1270 2799 sacti
1293 2761 1406 2800 sumus.

625 2883 748 2926 scnoua'
845 2870 942 2928 Multo
970 2870 1066 2947 pluris
1088 2889 1162 2928 uero
1191 2889 1228 2928 ca
1256 2868 1395 2928 subsidia
1422 2869 1615 2928 aestimanda
1640 2879 1726 2940 sunt,
1762 2888 1844 2948 quae
1874 2890 1915 2929 ex

760 2971 884 3030 scholiis
916 2970 1155 3048 tractatibusque
1178 2969 1357 3028 Horatianis
1379 2979 1534 3041 petuntur.
1569 2990 1660 3048 quam
1693 2970 1731 3030 ob
1761 2991 1827 3030 rem
1855 2971 1915 3030 has

762 3073 952 3131 conlationes
975 3080 1029 3130 aaut
1051 3073 1179 3130 lecimus
1202 3079 1255 3130 ant
1278 3073 1534 3151 comparabimus:

848 3190 877 3265 1)
903 3190 942 3248 ad
965 3189 1188 3249 restituendum
1203 3188 1464 3268 Porphyrionem,
1489 3209 1579 3267 quern
1601 3198 1701 3249 aetate
1716 3189 1915 3266 superiorem

611 3273 751 3379 ⁰⁰⁴'sssss'ffslfh'
766 3290 1003 3351 Pseudoacronc
1027 3311 1092 3349 csse
1109 3292 1384 3350 demonstrauimus
1406 3291 1438 3349 in
1462 3290 1683 3369 philologorum
1698 3290 1915 3349 Bonnensium

762 3391 909 3472 symbolis
932 3412 960 3470 p.
983 3394 1166 3463 osa-501,
1190 3412 1253 3451 non
1276 3392 1494 3451 Monacenscm
1516 3393 1614 3451 solum
1636 3392 1772 3452 codicem
1795 3392 1916 3452 saeculi

765 3495 947 3574 Villi-X
975 3495 1129 3571 signatum
1157 3514 1204 3555 ur.
1233 3493 1302 3553 Lat.
1329 3495 1386 3552 181
1419 3493 1473 3571 (cl.
1501 3494 1563 3553 nol.
1586 3495 1603 3552 I
1630 3495 1728 3572 praef.
1758 3514 1787 3571 p.
1812 3493 1914 3569 XIII)

627 3597 694 3637 ‘⁰¹¹⁰‘
711 3595 743 3637 Ν·
763 3596 946 3655 contulimus
975 3596 1275 3684 rccoguouimnsquc
1298 3595 1370 3673 ipsi,
1401 3616 1508 3655 uerum
1536 3596 1628 3655 ctiam
1651 3594 1915 3655 Wolfcnbnttela·

658 3647 713 3686 l'orl'.
1184 3679 1258 3684 —.

766 3719 839 3757 num
867 3698 1002 3757 codicem
1030 3697 1143 3755 sareculi
1171 3697 1272 3755 XIIII
1301 3698 1454 3775 signatum
1484 3719 1530 3756 nr.
1553 3698 1622 3756 Lat.
1646 3699 1686 3756 85
1714 3695 1915 3756 Gudianum:

763 3820 853 3878 quom
875 3798 986 3857 librum
1009 3798 1195 3876 suffragante
1219 3798 1439 3876 christophoro
1463 3799 1586 3866 Duellio
1614 3819 1645 3857 u.
1669 3798 1707 3857 cl.
1730 3798 1915 3857 commodis·

763 3902 838 3958 sime
860 3899 949 3958 nobis
972 3900 1095 3958 miserat
1117 3900 1332 3959 BartelsIus
1355 3899 1570 3979 bybliothecae
1587 3899 1704 3959 ducalis
1725 3900 1913 3959 secretarios

763 4002 998 4061 humanissimus
1020 4001 1162 4079 idemque
1177 4001 1423 4061 litteratissimus.
1453 4023 1492 4060 cx
1513 4001 1560 4061 his
1577 4001 1696 4061 duobus
1710 4000 1798 4060 libris
1814 4021 1914 4062 manu

762 4105 883 4181 scriptis
911 4103 1132 4161 construximus
1161 4102 1321 4181 archetypi
1355 4102 1511 4162 amborum
1543 4104 1693 4164 lectiones
1724 4102 1916 4180 significaui-

611 4206 750 4309 gbfgffpfpf:
764 4225 890 4282 musque
914 4200 1033 4276 eorpus
1056 4213 1086 4262 ct
1107 4201 1201 4281 Pplr.';
1226 4196 1346 4277 Potnias
1366 4231 1407 4253 =
1431 4206 1701 4284 interpretationes
1716 4204 1918 4264 Monacensis

637 4271 742 4361 'turpis'
768 4316 799 4364 et
821 4305 1101 4364 Woll'cnbuttelani
1123 4307 1204 4365 inter
1225 4326 1258 4365 se
1280 4315 1499 4385 congruentem
1526 4299 1609 4381 1²an
1623 4333 1664 4355 =
1687 4306 1831 4364 lemmata
1845 4304 1915 4364 Mo·

767 4409 909 4466 aucensis
939 4416 969 4466 ct
994 4406 1275 4468 Wolfcnbuttelani
1304 4410 1384 4468 inter
1410 4429 1443 4468 sc
1471 4409 1683 4487 congruentia.
1728 4406 1918 4486 ubicumque

764 4529 837 4569 nero
866 4509 1063 4567 Monacensis
1092 4517 1122 4567 ct
1144 4509 1450 4570 Wolfenbuttclanus
1478 4512 1560 4568 inter
1587 4530 1621 4569 se
1649 4509 1839 4586 discrepant,
1870 4508 1917 4568 ibi

763 4610 960 4669 Monacensis
975 4612 1246 4689 interpretationes
1261 4612 1501 4689 significauimus
1523 4614 1641 4685 Porph,
1661 4611 1805 4670 lemmata
1825 4613 1917 4685 Proh„

764 4712 1051 4771 llhrlscnlmttclani'
1067 4713 1337 4791 interpretationes
1361 4716 1453 4788 l’orfi,
1477 4713 1620 4772 lemmate
1642 4714 1692 4786 Ps.

849 4830 881 4906 2)
906 4852 943 4891 ca
964 4830 1093 4903 scholia,
1117 4851 1196 4909 quae
1212 4831 1303 4910 uolgo
1320 4832 1450 4891 heronis
1466 4832 1531 4890 siue
1547 4831 1792 4891 l'scudoacronis
1810 4830 1917 4892 scurn-

765 4940 830 5004 tur‚
855 4933 1013 4992 diuisimus
1036 4932 1066 4991 in
1091 4932 1167 4992 hacc
1189 4933 1248 4991 tn‘a
1270 4955 1400 5010 genera:

627 5026 696 5067 codex
713 5027 752 5066 Ar.
1169 5053 1175 5065 ·
1308 5053 1315 5066 .
1374 5054 1381 5067 ·
1442 5055 1448 5067 .
1513 5056 1520 5069 .
1696 5054 1704 5068 ·
1860 5055 1900 5071 ι.

663 5079 715 5122 uer.
852 5055 902 5110 ⁴lc.
924 5055 994 5114 Aer,
1018 5078 1059 5097 =
1081 5051 1198 5110 schohu
1222 5053 1402 5129 rarargmaha
1424 5074 1489 5112 snm
1513 5063 1782 5132 interpretationes
1798 5049 1919 5116 codicis
