5150 6367
1232 1032 1352 1073 noem
1368 1031 1530 1073 celemuvn

964 1204 1015 1258 aut
1035 1198 1195 1277 Ephesum,
1218 1197 1380 1259 bimarisue
1403 1197 1537 1258 Corinthi

897 1309 1023 1376 moenia,
1048 1308 1096 1368 uel
1118 1309 1235 1369 Baccho
1257 1307 1375 1369 Thebas
1398 1308 1445 1369 uel
1467 1307 1602 1396 Apolline
1626 1306 1756 1386 Delphos

964 1419 1087 1496 insignis
1109 1425 1160 1479 aut
1182 1417 1322 1480 Thessala
1346 1419 1474 1498 Tempe;

897 1536 967 1590 sunt
990 1528 1098 1606 quibus
1119 1548 1213 1590 unum
1235 1548 1311 1608 opus
1334 1537 1380 1589 est
1401 1530 1529 1588 intactae
1551 1527 1678 1589 Palladis
1700 1527 1806 1589 nrbem
1936 1533 1955 1591 5

965 1642 1096 1700 carmine
1118 1647 1265 1719 perpetuo
1288 1638 1441 1699 celebrare
1464 1645 1495 1699 et

898 1749 1031 1827 undique
1054 1749 1224 1829 decerptam
1250 1751 1341 1810 tronti
1362 1767 1549 1828 praeponere
1571 1748 1698 1816 oliuam;

965 1858 1114 1939 plurimus
1136 1862 1167 1920 in
1189 1860 1311 1921 lunonis
1334 1859 1448 1920 bonore

897 1977 999 2051 aptum
1022 1969 1100 2030 dicet
1123 1971 1208 2048 equis
1229 1973 1324 2048 Argos
1346 1970 1475 2048 ditisque
1497 1971 1649 2050 Mycenas:

950 2099 1013 2162 ‘nie
1035 2098 1091 2141 noc
1112 2083 1311 2160 tamlpatiens
1331 2080 1535 2142 Lacedaemon

898 2198 1033 2251 nectam
1057 2190 1191 2251 Larissae
1212 2193 1361 2271 percussit
1384 2209 1506 2272 campus
1527 2192 1653 2270 opimae,

965 2319 1053 2378 quam
1076 2300 1182 2361 domus
1203 2300 1353 2363 Albuneae
1376 2302 1543 2362 resonantis

898 2419 928 2473 et
949 2430 1093 2491 praeceps
1115 2414 1189 2472 Anio
1212 2431 1246 2472 ac
1267 2411 1394 2472 Tiburni
1417 2412 1503 2473 lucus
1526 2420 1555 2472 et
1579 2411 1635 2472 nda

964 2521 1123 2585 mobilibus
1144 2524 1279 2602 pomaria
1302 2524 1384 2583 riuis.

812 2730 1016 2773 TESTIMONIA.

880 2812 1048 2862 IVictorin.
1068 2812 1135 2861 nult>
1163 2812 1308 2862 Fortunat
1328 2813 1395 2861 2683
1424 2810 1539 2860 Mallius
1557 2809 1760 2873 theodomir,
1780 2812 1812 2860 14
1880 2814 1955 2876 inq.

812 2879 976 2931 ‘bimarisne
990 2898 1021 2914 ·-
1034 2880 1156 2929 moenis*
1174 2880 1232 2929 sch.
1252 2879 1322 2929 Stat
1342 2879 1428 2930 Theb.
1441 2879 1556 2929 vulno
1624 2878 1737 2929 isera.
1758 2878 1792 2928 nd
1810 2880 1878 2930 Aen.
1897 2880 1956 2929 124

811 2948 852 2998 XI
869 2950 918 2999 246
982 2947 1059 2996 ‘Hon
1076 2948 1211 3011 —posuit
1229 2953 1325 3011 aptum
1344 2948 1422 3010 equis
1441 2947 1541 3011 Argos'
1560 2946 1617 2996 sch.
1637 2945 1708 2996 stat.
1728 2946 1813 2997 Theb.
1833 2947 1889 2996 IIII
1907 2950 1956 2998 672

881 3017 913 3065 10
931 3013 997 3065 ‘nee
1019 3030 1061 3064 me
1085 3019 1141 3064 tem
1160 3015 1270 3078 potiens
1287 3014 1484 3063 Lacedaemon
1508 3016 1592 3078 ugon'
1617 3014 1674 3064 sels
1694 3014 1765 3064 scat.
1784 3014 1870 3066 Theb.
1891 3015 1956 3065 VIII

812 3086 862 3135 432
932 3082 1061 3132 13‘1101.
1081 3082 1109 3130 in
1127 3082 1140 3132 1
1160 3097 1241 3132 cerm.
1262 3085 1291 3132 et
1308 3097 1443 3146 praeceps
1457 3110 1488 3118 —
1501 3081 1592 3131 luens'
1610 3082 1697 3132 Prisc.
1717 3082 1755 3133 VI
1775 3084 1807 3133 16

813 3248 911 3290 vuum
924 3246 1049 3290 bucino,

895 3340 912 3388 2
927 3334 1049 3409 epheson
1064 3332 1144 3406 Fnex
1152 3331 1316 3390 Victorinus
1329 3336 1405 3389 uolt.
1418 3335 1486 3387 eolo
1507 3351 1564 3390 non
1579 3334 1629 3389 Ac.
1696 3332 1834 3390 chorinthi
1849 3351 1871 3390 n
1893 3334 1958 3393 elio·

811 3421 878 3478 rinti
894 3422 940 3475 Fu
1005 3417 1202 3474 attaenianu
1223 3418 1340 3475 IIeniae
1403 3418 1491 3476 bacho
1508 3417 1549 3474 ,tt
1613 3419 1763 3493 tlnsignis
1778 3420 1843 3493 Απχ
1865 3419 1957 3478 Victo·

812 3509 896 3562 rinus
910 3507 979 3559 2565
1001 3503 1126 3578 Insignes
1141 3505 1204 3559 rett.
1264 3505 1364 3560 tessala
1378 3512 1404 3575 ψ
1468 3508 1485 3557 5
1500 3505 1601 3575 incipit
1614 3505 1675 3560 cod.
1691 3506 1776 3578 ysed
1789 3505 1875 3560 buius
1889 3521 1957 3561 car·

812 3592 896 3647 minis
910 3591 1044 3645 lectiones
1054 3590 1199 3660 pristinae
1214 3606 1277 3645 cum
1289 3591 1399 3660 passim
1410 3604 1507 3661 poene
1522 3591 1722 3656 enecuissent,
1738 3590 1851 3646 litteras
1865 3592 1957 3648 attero

812 3681 973 3733 atramento
994 3677 1097 3731 ductos
1116 3689 1177 3729 esse
1198 3681 1324 3747 apparet
1398 3683 1441 3731 est
1456 3691 1564 3748 opnsp
1628 3676 1729 3730 intacto
1743 3676 1779 3730 Ar
1845 3671 1955 3753 urbem]

812 3778 887 3819 arces
903 3760 1044 3832 nyBentt.
1068 3776 1157 3815 arcem
1170 3776 1190 3831 y
1202 3777 1270 3831 opp.
1283 3760 1350 3815 Aer.
1367 3767 1395 3815 et
1408 3760 1490 3833 seby
1565 3777 1613 3814 nn.
1629 3762 1646 3813 o
1660 3776 1703 3831 sq.
1720 3762 1774 3815 det.
1791 3760 1907 3817 Peerttc.

811 3846 997 3903 bcoclebrare
1013 3846 1060 3899 An
1129 3848 1184 3899 ur
1208 3853 1235 3901 et
1250 3839 1385 3920 undiquc]
1408 3844 1525 3918 indeque
1548 3844 1710 3901 Bottbierns
1775 3850 1790 3896 7
1811 3844 1957 3919 decerptae

813 3931 902 3988 frondi
918 3932 1061 3986 Erasmus
1140 3929 1281 4001 [Vndique
1298 3930 1453 3999 decerptam
1468 3929 1562 3982 frondi
1579 3947 1750 3999 praeponere
1766 3928 1865 3982 oliuem
1880 3934 1956 3985 codd.

811 4018 869 4084 Cn]
955 4017 1091 4072 desertam
1105 4012 1153 4088 ylr
1186 4015 1302 4089 decepti
1315 4031 1341 4069 et
1429 4032 1580 4089 preponere
1595 4015 1639 4089 Ay
1725 4015 1812 4071 oleam
1828 4015 1956 4072 Fneorr.

812 4103 911 4159 oletam
927 4100 1009 4155 iuer.
1088 4098 1340 4171 8Plurimisst1pr.
1371 4099 1537 4155 Plurimnsr
1615 4101 1719 4156 honore
1736 4100 1959 4172 Oudendorpins

811 4187 959 4257 Hauptius
974 4183 1087 4241 Peertlc.
1114 4187 1196 4241 cuius
1216 4187 1342 4242 adnotat.
1364 4187 1422 4242 uid.
1459 4187 1590 4241 bonorem
1609 4182 1640 4239 Ω
1655 4186 1722 4241 Aer.
1739 4193 1768 4241 et
1781 4186 1863 4261 seby
1877 4185 1957 4244 sebi

889 4273 905 4324 o
928 4271 1000 4327 dicet
1022 4268 1146 4339 imunt}
1162 4270 1285 4328 seron.
1303 4271 1342 4325 ad
1356 4271 1453 4325 Aenl
1476 4272 1541 4325 item
1555 4287 1587 4344 7²
1604 4267 1642 4344 (γι
1658 4270 1786 4341 euanuit)
1824 4272 1891 4327 dicit
1905 4273 1958 4344 Λψ

811 4359 862 4414 Ac.
879 4356 955 4428 Pplt.
972 4354 1056 4410 Seru.
1075 4357 1124 4413 ott.
1141 4357 1158 4410 l.
1238 4357 1303 4412 ditis
1318 4355 1368 4411 Ac.
1397 4356 1467 4411 (lites
1483 4353 1515 4410 Ω
1594 4358 1713 4412 micenas
1728 4356 1858 4431 AFymn
1924 4359 1958 4409 10

811 4459 862 4499 uec
877 4459 919 4497 me
934 4440 993 4497 seb.
1011 4438 1082 4497 Stat.
1147 4442 1299 4515 paeieusA
1364 4439 1520 4496 lacedemon
1537 4441 1683 4514 libentis.
1760 4444 1790 4494 11
1808 4442 1903 4498 larisse
1920 4441 1956 4496 Αι

874 4526 1044 4597 [percussit.
1060 4527 1096 4578 sic
1109 4528 1210 4597 legitur
1220 4528 1248 4579 in
1260 4529 1381 4579 omnibus
1391 4527 1496 4596 seriptis
1507 4527 1575 4579 cod?
1589 4527 1647 4594 Cn]
1735 4529 1824 4601 opime
1840 4527 1881 4582 Αῐ
1948 4565 1950 4570 -

811 4616 842 4666 12
858 4612 972 4668 albunee
988 4628 1006 4666 n
1082 4620 1243 4668 resonantes
1259 4613 1354 4683 anr.
1432 4614 1464 4666 13
1486 4612 1567 4668 lectio
1580 4613 1705 4683 pristina
1720 4626 1808 4668 erasa
1823 4615 1852 4669 in
1868 4623 1895 4685 ψ

809 4734 848 4787 Ac
863 4732 987 4787 tiburtini
1009 4698 1121 4803 (tibulli
1136 4725 1167 4806 π)
1189 4730 1267 4804 luens
1288 4738 1317 4785 et
1332 4748 1447 4805 preceps
1469 4726 1562 4806 (pecps
1577 4729 1609 4806 n)
1631 4731 1694 4787 anio
1710 4739 1738 4787 et
1754 4730 1805 4788 uda
1826 4749 1864 4787 πτ
1930 4740 1958 4788 et

810 4810 954 4891 praeceps]
970 4816 1107 4889 Epreceps
1122 4833 1167 4890 yn,
1182 4831 1212 4890 γι
1227 4819 1347 4871 euanuit
1417 4810 1463 4892 Et]
1479 4819 1519 4872 Ac
1534 4817 1562 4872 tt
1573 4832 1639 4887 opp.
1656 4817 1707 4872 Ac.
1784 4834 1899 4891 preceps
1917 4819 1957 4873 Ατ

809 4900 935 4976 precesi
992 4895 1037 4976 ac]
1053 4909 1081 4957 et
1093 4902 1136 4973 Fi
1189 4901 1277 4958 tiburi
1291 4902 1373 4958 luens
1389 4909 1454 4973 etp
1505 4901 1607 4958 liburni
1624 4901 1956 4975 At'rytottt'trntann]

810 4986 903 5060 χΑον.
916 4985 1027 5055 Porpb.
1042 4986 1132 5042 selei?
1142 4986 1234 5043 Prisc.
1263 4986 1389 5043 tiburtini
1405 4981 1769 5063 incorr.2(p)seb.l(nntum
1785 5002 1825 5043 eae
1838 4987 1955 5065 selth)

811 5072 907 5129 tiburti
927 5065 1100 5144 poxludtilsn
1116 5071 1177 5146 tyb:
1190 5066 1221 5147 p)
1310 5076 1343 5127 lt
1372 5075 1494 5149 pomeria
1514 5068 1723 5150 tnmpnxlpoly
1759 5075 1812 5130 sed
1830 5076 1955 5148 pomaria
